[{"full_name":"ALIADA Classic refresco de cola lata 33 cl","name":"Classic refresco de cola lata 33 cl","brand":"ALIADA ","img":"https://sgfm.elcorteingles.es/SGFM/dctm/MEDIA03/201610/05/00118622300335____2__600x600.jpg","price":"0,28 €","price_unit":"(0,85 € / Litro)","categories":["Supermercado","Bebidas","Agua, Refrescos y Zumos","Refrescos y gaseosa","Refresco cola lata","ALIADA Classic refresco de cola lata 33 cl"],"general_information":["Denominación del alimento: BEBIDA REFRESCANTE DE EXTRACTOS. CON AZÚCARES Y EDULCORANTE","Nombre del operador: Elaborado para\nEl  Grupo El Corte Inglés\nHermosilla, 112 - 28009 Madrid ? España \npor CIF A-83745695","Número de raciones por envase: 1"],"ingredients":[" Ingredientes: Agua carbonatada, azúcar, jarabe de glucosa y fructosa, colorante (E-150d), acidulante (E-338), edulcorante (E-955), cafeína, aromas naturales."],"conservation":" Conservar alejado de la luz solar y de olores agresivos.","ean":"8433329063128"},{"full_name":"ALIADA Light refresco de cola lata 33 cl","name":"Light refresco de cola lata 33 cl","brand":"ALIADA ","img":"https://sgfm.elcorteingles.es/SGFM/dctm/MEDIA03/201702/06/00118622500512____2__600x600.jpg","price":"0,28 €","price_unit":"(0,85 € / Litro)","categories":["Supermercado","Bebidas","Agua, Refrescos y Zumos","Refrescos y gaseosa","Refresco cola lata","ALIADA Light refresco de cola lata 33 cl"],"general_information":["Denominación del alimento: BEBIDA REFRESCANTE AROMATIZADA. CON EDULCORANTES.","Nombre del operador: Elaborado para\nEl  Grupo El Corte Inglés\nHermosilla, 112 - 28009 Madrid ? España \npor CIF A-83745695","Número de raciones por envase: 1"],"ingredients":[" Ingredientes: Agua carbonatada, colorante (E-150d), acidulantes (E-338, E-330), edulcorantes (E-952, E-951**, E-950), cafeína, aromas naturales.\n**Contiene aspartamo (una fuente de fenilalanina)."],"conservation":" Conservar alejado de la luz solar y de olores agresivos.","ean":"8433329063142"},{"full_name":"ALIADA Zero refresco de cola lata 33 cl","name":"Zero refresco de cola lata 33 cl","brand":"ALIADA ","img":"https://sgfm.elcorteingles.es/SGFM/dctm/MEDIA03/201609/02/00118622500652____1__600x600.jpg","price":"0,26 €","price_unit":"(0,79 € / Litro)","categories":["Supermercado","Bebidas","Agua, Refrescos y Zumos","Refrescos y gaseosa","Refresco cola lata","ALIADA Zero refresco de cola lata 33 cl"],"general_information":["Denominación del alimento: BEBIDA REFRESCANTE AROMATIZADA. CON EDULCORANTES","Nombre del operador: Elaborado para\nEl  Grupo El Corte Inglés\nHermosilla, 112 - 28009 Madrid ? España por \nCIF A-83745695","Número de raciones por envase: 1"],"ingredients":[" Ingredientes: Agua carbonatada, colorante (E-150d), acidulante (E-338), edulcorantes (E-952, E-950, E-951**), corrector de acidez (E331iii), aroma: cafeína, aroma natural.\n**Contiene aspartamo (una fuente de fenilalanina)."],"conservation":" Conservar alejado de la luz solar y de olores agresivos.","ean":"8433329063166"},{"full_name":"COCA-COLA Clásica refresco de cola pack 24 lata 33 cl","name":"Clásica refresco de cola pack 24 lata 33 cl","brand":"COCA-COLA ","img":"https://sgfm.elcorteingles.es/SGFM/dctm/MEDIA03/201702/08/00118622300301____4__600x600.jpg","price":"14,40 €            ","price_unit":"(1,70 € / Litro)","categories":["Supermercado","Bebidas","Agua, Refrescos y Zumos","Refrescos y gaseosa","Refresco cola lata","COCA-COLA Clásica refresco de cola pack 24 lata 33 cl"],"general_information":["Denominación del alimento: Bebida refrescante aromatizada","Nombre del operador: Coca-Cola European Partners Iberia, S.L.U.","Dirección del operador: C/Ribera del Loira 20-22, 28042 - Madrid (España).","Cantidad Neta: 24 Unidad"],"ingredients":[" Agua carbonatada, azúcar, colorante E-150d, acidulante E-338 y aromas naturales (incluyendo cafeína)."],"ean":"5449000086877"},{"full_name":"COCA-COLA Clásica refresco de cola pack 12 latas 33 cl","name":"Clásica refresco de cola pack 12 latas 33 cl","brand":"COCA-COLA ","img":"https://sgfm.elcorteingles.es/SGFM/dctm/MEDIA03/201702/08/00118622300202____4__600x600.jpg","price":"6,84 €","price_unit":"(1,73 € / Litro)","categories":["Supermercado","Bebidas","Agua, Refrescos y Zumos","Refrescos y gaseosa","Refresco cola lata","COCA-COLA Clásica refresco de cola pack 12 latas 33 cl"],"general_information":["Denominación del alimento: Bebida refrescante aromatizada","Nombre del operador: Coca-Cola European Partners Iberia, S.L.U.","Dirección del operador: C/Ribera del Loira 20-22, 28042 - Madrid (España).","Cantidad Neta: 12 Unidad"],"ingredients":[" Agua carbonatada, azúcar, colorante E-150d, acidulante E-338 y aromas naturales (incluyendo cafeína)."],"ean":"5449000055200"},{"full_name":"COCA-COLA Clásica refresco de cola lata 33 cl","name":"Clásica refresco de cola lata 33 cl","brand":"COCA-COLA ","img":"https://sgfm.elcorteingles.es/SGFM/dctm/MEDIA03/201702/08/00118622300228____3__600x600.jpg","price":"0,58 €","price_unit":"(1,76 € / Litro)","categories":["Supermercado","Bebidas","Agua, Refrescos y Zumos","Refrescos y gaseosa","Refresco cola lata","COCA-COLA Clásica refresco de cola lata 33 cl"],"general_information":["Denominación del alimento: Bebida refrescante aromatizada","Nombre del operador: CC European Partners Iberia, S.L.U.","Dirección del operador: C/Ribera del Loira 20-22, 28042 - Madrid (España).","Cantidad Neta: 0.33 Litros"],"ingredients":[" Agua carbonatada, azúcar, colorante E-150d, acidulante E-338 y aromas naturales (incluyendo cafeína)."],"conservation":" Proteger de la luz solar. Preservar de olores agresivos. Conservar en lugar limpio, fresco y seco.","ean":"5449000000996"},{"full_name":"COCA-COLA Clásica refresco de cola SIN CAFEÍNA lata 33 cl","name":"Clásica refresco de cola SIN CAFEÍNA lata 33 cl","brand":"COCA-COLA ","img":"https://sgfm.elcorteingles.es/SGFM/dctm/MEDIA03/201607/08/00118622700112____2__600x600.jpg","price":"0,63 €            ","price_unit":"(1,76 € / Litro)","categories":["Supermercado","Bebidas","Agua, Refrescos y Zumos","Refrescos y gaseosa","Refresco cola lata","COCA-COLA Clásica refresco de cola SIN CAFEÍNA lata 33 cl"],"general_information":["Denominación del alimento: Bebida refrescante aromatizada","Nombre del operador: Coca-Cola European Partners Iberia, S.L.U.","Dirección del operador: C/Ribera del Loira 20-22, 28042 - Madrid (España).","Cantidad Neta: 0.33 Litros"],"ingredients":[" Agua carbonatada, azúcar, colorante E-150d, acidulante E-338 y aromas."],"ean":"5449000000774"},{"full_name":"COCA-COLA ZERO Azúcar refresco de cola pack 24 lata 33 cl","name":"Azúcar refresco de cola pack 24 lata 33 cl","brand":"COCA-COLA ZERO ","img":"https://sgfm.elcorteingles.es/SGFM/dctm/MEDIA03/201702/08/00118622500488____3__600x600.jpg","price":"13,44 €","price_unit":"(1,70 € / Litro)","categories":["Supermercado","Bebidas","Agua, Refrescos y Zumos","Refrescos y gaseosa","Refresco cola lata","COCA-COLA ZERO Azúcar refresco de cola pack 24 lata 33 cl"],"general_information":["Denominación del alimento: Bebida refrescante aromatizada. con edulcorantes.","Nombre del operador: Coca-Cola European Partners Iberia, S.L.U.","Dirección del operador: C/Ribera del Loira 20-22, 28042 - Madrid (España).","Cantidad Neta: 24 Unidad"],"ingredients":[],"ean":"5449000136909"},{"full_name":"COCA-COLA ZERO Azúcar refresco de cola pack 12 lata 33 cl","name":"Azúcar refresco de cola pack 12 lata 33 cl","brand":"COCA-COLA ZERO ","img":"https://sgfm.elcorteingles.es/SGFM/dctm/MEDIA03/201702/08/00118622500538____3__600x600.jpg","price":"6,84 €","price_unit":"(1,73 € / Litro)","categories":["Supermercado","Bebidas","Agua, Refrescos y Zumos","Refrescos y gaseosa","Refresco cola lata","COCA-COLA ZERO Azúcar refresco de cola pack 12 lata 33 cl"],"general_information":["Denominación del alimento: Bebida refrescante aromatizada. con edulcorantes.","Nombre del operador: Coca-Cola European Partners Iberia, S.L.U.","Dirección del operador: C/Ribera del Loira 20-22, 28042 - Madrid (España).","Cantidad Neta: 12 Unidad"],"ingredients":[" Agua carbonatada, colorante E-150d, edulcorantes E-952, E-950 y aspartamo, acidulante E-338, aromas naturales (incluyendo cafeína) y corrector de acidez E-331. Contiene una fuente de fenilalanina."],"ean":"5449000133342"},{"full_name":"COCA-COLA ZERO Azúcar refresco de cola lata 33 cl","name":"Azúcar refresco de cola lata 33 cl","brand":"COCA-COLA ZERO ","img":"https://sgfm.elcorteingles.es/SGFM/dctm/MEDIA03/201702/08/00118622500405____3__600x600.jpg","price":"0,58 €","price_unit":"(1,76 € / Litro)","categories":["Supermercado","Bebidas","Agua, Refrescos y Zumos","Refrescos y gaseosa","Refresco cola lata","COCA-COLA ZERO Azúcar refresco de cola lata 33 cl"],"general_information":["Denominación del alimento: Bebida refrescante aromatizada. con edulcorantes.","Nombre del operador: Coca-Cola European Partners Iberia, S.L.U.","Dirección del operador: C/Ribera del Loira 20-22, 28042 - Madrid (España).","Cantidad Neta: 0.33 Litros"],"ingredients":[" Agua carbonatada, colorante E-150d, edulcorantes E-952, E-950 y aspartamo, acidulante E-338, aromas naturales (incluyendo cafeína) y corrector de acidez E-331. Contiene una fuente de fenilalanina."],"ean":"5449000131805"},{"full_name":"COCA-COLA ZERO Azúcar ZERO CAFEÍNA refresco de cola pack 24 lata 33 cl","name":"Azúcar ZERO CAFEÍNA refresco de cola pack 24 lata 33 cl","brand":"COCA-COLA ZERO ","img":"https://sgfm.elcorteingles.es/SGFM/dctm/MEDIA03/201711/07/00118622700211____1__600x600.jpg","price":"13,71 €            ","price_unit":"(1,70 € / Litro)","categories":["Supermercado","Bebidas","Agua, Refrescos y Zumos","Refrescos y gaseosa","Refresco cola lata","COCA-COLA ZERO Azúcar ZERO CAFEÍNA refresco de cola pack 24 lata 33 cl"],"general_information":[],"ingredients":[],"ean":"5449000665454"},{"full_name":"COCA-COLA ZERO Azúcar ZERO CAFEÍNA refresco de cola pack Adviento 15 latas 33 cl","name":"Azúcar ZERO CAFEÍNA refresco de cola pack Adviento 15 latas 33 cl","brand":"COCA-COLA ZERO ","img":"https://sgfm.elcorteingles.es/SGFM/dctm/MEDIA03/201711/10/00118622700229____1__600x600.jpg","price":"9,99 €","price_unit":"(2,02 € / Litro)","categories":["Supermercado","Bebidas","Agua, Refrescos y Zumos","Refrescos y gaseosa","Refresco cola lata","COCA-COLA ZERO Azúcar ZERO CAFEÍNA refresco de cola pack Adviento 15 latas 33 cl"],"general_information":[],"ingredients":[],"ean":"5000112628388"},{"full_name":"COCA-COLA ZERO Azúcar ZERO CAFEÍNA refresco de cola pack 12 latas 33 cl","name":"Azúcar ZERO CAFEÍNA refresco de cola pack 12 latas 33 cl","brand":"COCA-COLA ZERO ","img":"https://sgfm.elcorteingles.es/SGFM/dctm/MEDIA03/201702/08/00118622700203____2__600x600.jpg","price":"6,84 €","price_unit":"(1,73 € / Litro)","categories":["Supermercado","Bebidas","Agua, Refrescos y Zumos","Refrescos y gaseosa","Refresco cola lata","COCA-COLA ZERO Azúcar ZERO CAFEÍNA refresco de cola pack 12 latas 33 cl"],"general_information":["Denominación del alimento: Bebida refrescante aromatizada. con edulcorantes.","Nombre del operador: Coca-Cola European Partners Iberia, S.L.U.","Dirección del operador: C/Ribera del Loira 20-22, 28042 - Madrid (España).","Cantidad Neta: 12 Unidad"],"ingredients":[" Agua carbonatada, colorante E-150d, edulcorantes E-952, E-950 y aspartamo, acidulante E-338, aromas y corrector de acidez E-331. Contiene una fuente de fenilalanina."],"ean":"5449000096197"},{"full_name":"COCA-COLA ZERO Azúcar ZERO CAFEÍNA refresco de cola lata 33 cl","name":"Azúcar ZERO CAFEÍNA refresco de cola lata 33 cl","brand":"COCA-COLA ZERO ","img":"https://sgfm.elcorteingles.es/SGFM/dctm/MEDIA03/201702/08/00118622700179____3__600x600.jpg","price":"0,58 €","price_unit":"(1,76 € / Litro)","categories":["Supermercado","Bebidas","Agua, Refrescos y Zumos","Refrescos y gaseosa","Refresco cola lata","COCA-COLA ZERO Azúcar ZERO CAFEÍNA refresco de cola lata 33 cl"],"general_information":["Denominación del alimento: Bebida refrescante aromatizada. con edulcorantes.","Nombre del operador: Coca-Cola European Partners Iberia, S.L.U.","Dirección del operador: C/Ribera del Loira 20-22, 28042 - Madrid (España).","Cantidad Neta: 0.33 Litros"],"ingredients":[" Agua carbonatada, colorante E-150d, edulcorantes E-952, E-950 y aspartamo, acidulante E-338, aromas y corrector de acidez E-331. Contiene una fuente de fenilalanina."],"ean":"5449000169327"},{"full_name":"COCA-COLA LIGHT refresco de cola sin azúcar sin calorías pack 24 latas 33 cl","name":"refresco de cola sin azúcar sin calorías pack 24 latas 33 cl","brand":"COCA-COLA LIGHT ","img":"https://sgfm.elcorteingles.es/SGFM/dctm/MEDIA03/201702/08/00118622500413____3__600x600.jpg","price":"13,44 €","price_unit":"(1,70 € / Litro)","categories":["Supermercado","Bebidas","Agua, Refrescos y Zumos","Refrescos y gaseosa","Refresco cola lata","COCA-COLA LIGHT refresco de cola sin azúcar sin calorías pack 24 latas 33 cl"],"general_information":["Denominación del alimento: Bebida refrescante aromatizada. con edulcorantes.","Nombre del operador: Coca-Cola European Partners Iberia, S.L.U.","Dirección del operador: C/Ribera del Loira 20-22, 28042 - Madrid (España).","Cantidad Neta: 24 Unidad"],"ingredients":[" Agua carbonatada, colorante E-150d, edulcorantes E-952, E-950 y aspartamo, acidulantes E-338 y E-330 y aromas naturales (incluyendo cafeína). Contiene una fuente de fenilalanina."],"ean":"5449000086884"},{"full_name":"COCA-COLA LIGHT refresco de cola sin azúcar sin calorías pack 12 latas 33 cl","name":"refresco de cola sin azúcar sin calorías pack 12 latas 33 cl","brand":"COCA-COLA LIGHT ","img":"https://sgfm.elcorteingles.es/SGFM/dctm/MEDIA03/201702/08/00118622500389____3__600x600.jpg","price":"6,84 €","price_unit":"(1,73 € / Litro)","categories":["Supermercado","Bebidas","Agua, Refrescos y Zumos","Refrescos y gaseosa","Refresco cola lata","COCA-COLA LIGHT refresco de cola sin azúcar sin calorías pack 12 latas 33 cl"],"general_information":["Denominación del alimento: Bebida refrescante aromatizada. con edulcorantes.","Nombre del operador: CC European Partners Iberia, S.L.U.","Dirección del operador: C/Ribera del Loira 20-22, 28042 - Madrid (España).","Cantidad Neta: 3.96 Litros","Otras menciones obligatorias en la etiqueta: Light: sin azúcar. Con edulcorantes. Contiene una fuente de fenilalanina."],"ingredients":[" Agua carbonatada, colorante E-150d, edulcorantes E-952, E-950 y aspartamo, acidulantes E-338 y E-330 y aromas naturales (incluyendo cafeína). Contiene una fuente de fenilalanina."],"conservation":" Proteger de la luz solar. Preservar de olores agresivos. Conservar en lugar limpio, fresco y seco.","ean":"5449000000385"},{"full_name":"COCA-COLA LIGHT refresco de cola sin azúcar sin calorías lata 33 cl","name":"refresco de cola sin azúcar sin calorías lata 33 cl","brand":"COCA-COLA LIGHT ","img":"https://sgfm.elcorteingles.es/SGFM/dctm/MEDIA03/201702/08/00118622500330____4__600x600.jpg","price":"0,58 €","price_unit":"(1,76 € / Litro)","categories":["Supermercado","Bebidas","Agua, Refrescos y Zumos","Refrescos y gaseosa","Refresco cola lata","COCA-COLA LIGHT refresco de cola sin azúcar sin calorías lata 33 cl"],"general_information":["Denominación del alimento: Bebida refrescante aromatizada. con edulcorantes.","Nombre del operador: Coca-Cola European Partners Iberia, S.L.U.","Dirección del operador: C/Ribera del Loira 20-22, 28042 - Madrid (España).","Cantidad Neta: 0.33 Litros"],"ingredients":[" Agua carbonatada, colorante E-150d, edulcorantes E-952, E-950 y aspartamo, acidulantes E-338 y E-330 y aromas naturales (incluyendo cafeína). Contiene una fuente de fenilalanina."],"ean":"5449000050205"},{"full_name":"COCA-COLA LIGHT refresco de cola sin azúcar sin calorías al limón lata 33 cl","name":"refresco de cola sin azúcar sin calorías al limón lata 33 cl","brand":"COCA-COLA LIGHT ","img":"https://sgfm.elcorteingles.es/SGFM/dctm/MEDIA02/CONTENIDOS/201503/30/00118622500298____1__600x600.jpg","price":"0,58 €","price_unit":"(1,76 € / Litro)","categories":["Supermercado","Bebidas","Agua, Refrescos y Zumos","Refrescos y gaseosa","Refresco cola lata","COCA-COLA LIGHT refresco de cola sin azúcar sin calorías al limón lata 33 cl"],"general_information":["Denominación del alimento: Bebida refrescante aromatizada. con edulcorantes.","Nombre del operador: Coca-Cola European Partners Iberia, S.L.U.","Dirección del operador: C/Ribera del Loira 20-22, 28042 - Madrid (España).","Cantidad Neta: 0.33 Litros"],"ingredients":[" Agua carbonatada, aromas ( incluyendo cafeína), colorante E-150d, acidulantes ácido tartárico, ácido fosfórico y ácido cítrico, edulcorantes E-952, E-950 y aspartamo, corrector de acidez E-331. Contiene una fuente de fenilalanina."],"ean":"5449000089229"},{"full_name":"COCA-COLA LIGHT refresco de cola SIN CAFEÍNA sin azúcar sin calorías lata 33 cl","name":"refresco de cola SIN CAFEÍNA sin azúcar sin calorías lata 33 cl","brand":"COCA-COLA LIGHT ","img":"https://sgfm.elcorteingles.es/SGFM/dctm/MEDIA03/201607/08/00118622700138____2__600x600.jpg","price":"0,58 €","price_unit":"(1,76 € / Litro)","categories":["Supermercado","Bebidas","Agua, Refrescos y Zumos","Refrescos y gaseosa","Refresco cola lata","COCA-COLA LIGHT refresco de cola SIN CAFEÍNA sin azúcar sin calorías lata 33 cl"],"general_information":["Denominación del alimento: Bebida refrescante aromatizada. con edulcorantes.","Nombre del operador: Coca-Cola European Partners Iberia, S.L.U.","Dirección del operador: C/Ribera del Loira 20-22, 28042 - Madrid (España).","Cantidad Neta: 0.33 Litros"],"ingredients":[" Agua carbonatada, colorante E-150d, edulcorantes E-952, E-950 y aspartamo, acidulantes E-338 y E-330 y aromas . Contiene una fuente de fenilalanina."],"ean":"5449000056672"},{"full_name":"COCA-COLA Vainilla refresco de cola sabor vainilla lata 35,50 cl","name":"Vainilla refresco de cola sabor vainilla lata 35,50 cl","brand":"COCA-COLA ","img":"https://sgfm.elcorteingles.es/SGFM/dctm/MEDIA03/201706/22/00118614001305____1__600x600.jpg","price":"1,71 €","price_unit":"(4,82 € / Litro)","categories":["Supermercado","Bebidas","Agua, Refrescos y Zumos","Refrescos y gaseosa","Refresco cola lata","COCA-COLA Vainilla refresco de cola sabor vainilla lata 35,50 cl"],"general_information":[],"ingredients":[],"ean":"5449000098917"},{"full_name":"PEPSI MAX Zero sin azúcar lata 33 cl","name":"MAX Zero sin azúcar lata 33 cl","brand":"PEPSI ","img":"https://sgfm.elcorteingles.es/SGFM/dctm/MEDIA02/CONTENIDOS/201509/22/00118622500306____2__600x600.jpg","price":"0,44 €","price_unit":"(1,33 € / Litro)","categories":["Supermercado","Bebidas","Agua, Refrescos y Zumos","Refrescos y gaseosa","Refresco cola lata","PEPSI MAX Zero sin azúcar lata 33 cl"],"general_information":["Denominación del alimento: Bebida refrescante aromatizada con edulcorantes","País de origen: España","Nombre del operador: Ahembo S.L.","Dirección del operador: Avda. Escaleritas, 116 - 35011 Las Palmas de G.C. (Las Palmas) Pol. Ind. De Guimar, Manzana 13, parcela 8 y 9 - 38500 Guimar (Santa Cruz de Tenerife)","Cantidad Neta: 33 Centilitros","Otras menciones obligatorias en la etiqueta: Contiene una fuente de fenilalanina"],"ingredients":[" Agua carbonatada, colorantes:E-150-d, corrector de acidez:E-338,E-331  E-330,edulcorantes:aspartamo y acesulfamo k,aromas(incluyendo cafeína,extractos naturales y aromas naturales). Contiene una fuente de fenilalanina."],"conservation":" Proteger de la luz solar y de olores agresivos. No congelar. Conservar en lugar limpio, seco y fresco. Evitar el contacto directo don el suelo.","ean":"0000087170382"},{"full_name":"PEPSI clásica pack 9 latas 33 cl","name":"clásica pack 9 latas 33 cl","brand":"PEPSI ","img":"https://sgfm.elcorteingles.es/SGFM/dctm/MEDIA02/CONTENIDOS/201509/22/00118622300343____1__600x600.jpg","price":"3,89 €","price_unit":"(1,31 € / Litro)","categories":["Supermercado","Bebidas","Agua, Refrescos y Zumos","Refrescos y gaseosa","Refresco cola lata","PEPSI clásica pack 9 latas 33 cl"],"general_information":["Denominación del alimento: Bebida refrescante aromatizada","Nombre del operador: Compañía de Bebidas Pepsico, s.l.","Dirección del operador: Avda. de los Olmos, 2, 01013 - Vitoria","Cantidad Neta: 2970 Mililitros"],"ingredients":[" Agua carbonatada, azúcar, colorante: E-150d, acidulante: E-338, aromas (cafeína, extractos y aromas naturales)."],"conservation":" Proteger de la luz solar y de olores agresivos. No congelar. Conservar en lugar limpio, fresco y seco. Evitar el contacto directo con el suelo.","ean":"4060800161901"},{"full_name":"PEPSI light pack 9 lata 33 cl","name":"light pack 9 lata 33 cl","brand":"PEPSI ","img":"https://sgfm.elcorteingles.es/SGFM/dctm/MEDIA02/CONTENIDOS/201509/22/00118622500546____1__600x600.jpg","price":"3,65 €","price_unit":"(11,06 € / Litro)","categories":["Supermercado","Bebidas","Agua, Refrescos y Zumos","Refrescos y gaseosa","Refresco cola lata","PEPSI light pack 9 lata 33 cl"],"general_information":["Denominación del alimento: Bebida refrescante aromatizada con edulcorantes","Nombre del operador: Compañía de Bebidas Pepsico, s.l.","Dirección del operador: Avda. de los Olmos, 2, 01013 - Vitoria","Cantidad Neta: 2970 Mililitros"],"ingredients":[" Agua carbonatada, colorante: E-150d, acidulantes: E-338, E-331 y E-330, edulcorantes: aspartamo y acesulfamo K, aromas (cafeína, extractos y aromas naturales). Contiene una fuente de fenilalanina."],"conservation":" Proteger de la luz solar y de olores agresivos. No congelar. Conservar en lugar limpio, fresco y seco. Evitar el contacto directo con el suelo.","ean":"4060800161925"},{"full_name":"PEPSI clásica lata 33 cl","name":"clásica lata 33 cl","brand":"PEPSI ","img":"https://sgfm.elcorteingles.es/SGFM/dctm/MEDIA02/CONTENIDOS/201509/22/00118622300236____2__600x600.jpg","price":"0,44 €","price_unit":"(1,33 € / Litro)","categories":["Supermercado","Bebidas","Agua, Refrescos y Zumos","Refrescos y gaseosa","Refresco cola lata","PEPSI clásica lata 33 cl"],"general_information":["Denominación del alimento: Bebida refrescante aromatizada","Nombre del operador: Compañía de Bebidas Pepsico, s.l.","Dirección del operador: Avda. de los Olmos, 2, 01013 - Vitoria","Cantidad Neta: 330 Mililitros"],"ingredients":[" Agua carbonatada, azúcar, colorante: E-150d, acidulante: E-338, aromas (cafeína, extractos y aromas naturales)."],"conservation":" Proteger de la luz solar y de olores agresivos. No congelar. Conservar en lugar limpio, fresco y seco. Evitar el contacto directo con el suelo.","ean":"0000040608006"},{"full_name":"PEPSI light lata 33 cl","name":"light lata 33 cl","brand":"PEPSI ","img":"https://sgfm.elcorteingles.es/SGFM/dctm/MEDIA02/CONTENIDOS/201509/22/00118622500348____2__600x600.jpg","price":"0,44 €","price_unit":"(1,33 € / Litro)","categories":["Supermercado","Bebidas","Agua, Refrescos y Zumos","Refrescos y gaseosa","Refresco cola lata","PEPSI light lata 33 cl"],"general_information":["Denominación del alimento: Bebida refrescante aromatizada con edulcorantes","Nombre del operador: Compañía de Bebidas Pepsico, s.l.","Dirección del operador: Avda. de los Olmos, 2, 01013 - Vitoria","Cantidad Neta: 330 Mililitros"],"ingredients":[" Agua carbonatada, colorante: E-150d, acidulantes: E-338, E-331 y E-330, edulcorantes: aspartamo y acesulfamo K, aromas (cafeína, extractos y aromas naturales). Contiene una fuente de fenilalanina.En Canarias: Agua carbonatada, colorante: E-150d, acidulantes: E-338 y E-330, edulcorantes: aspartamo y acesulfamo K, aromas (cafeína, extractos y aromas naturales), conservador: E-211. Contiene una fuente de fenilalanina."],"conservation":" Proteger de la luz solar y de olores agresivos. No congelar. Conservar en lugar limpio, fresco y seco. Evitar el contacto directo con el suelo.","ean":"0000040608143"},{"full_name":"PEPSI light sin cafeína lata 33 cl","name":"light sin cafeína lata 33 cl","brand":"PEPSI ","img":"https://sgfm.elcorteingles.es/SGFM/dctm/MEDIA02/CONTENIDOS/201509/24/00118622700104____1__600x600.jpg","price":"0,44 €","price_unit":"(1,33 € / Litro)","categories":["Supermercado","Bebidas","Agua, Refrescos y Zumos","Refrescos y gaseosa","Refresco cola lata","PEPSI light sin cafeína lata 33 cl"],"general_information":["Denominación del alimento: Bebida refrescante aromatizada con edulcorantes","Nombre del operador: Compañía de Bebidas Pepsico, s.l.","Dirección del operador: Avda. de los Olmos, 2, 01013 - Vitoria","Cantidad Neta: 330 Mililitros"],"ingredients":[" Agua carbonatada, colorante: E-150d, acidulantes: E-338 y E-330, edulcorantes: aspartamo y acesulfamo K, conservador: E-211, extractos y aromas naturales. Contiene una fuente de fenilalanina"],"conservation":" Proteger de la luz solar y de olores agresivos. No congelar. Conservar en lugar limpio, fresco y seco. Evitar el contacto directo con el suelo.","ean":"4060800123060"},{"full_name":"PEPSI LIGHT a la lima lata 33 cl","name":"LIGHT a la lima lata 33 cl","brand":"PEPSI ","img":"https://sgfm.elcorteingles.es/SGFM/dctm/MEDIA02/CONTENIDOS/201509/22/00200522500354____1__600x600.jpg","price":"0,44 €","price_unit":"(1,33 € / Litro)","categories":["Supermercado","Bebidas","Agua, Refrescos y Zumos","Refrescos y gaseosa","Refresco cola lata","PEPSI LIGHT a la lima lata 33 cl"],"general_information":["Denominación del alimento: Bebida refrescante aromatizada con edulcorantes","Nombre del operador: Compañía de Bebidas Pepsico, s.l.","Dirección del operador: Avda. de los Olmos, 2, 01013 - Vitoria","Cantidad Neta: 330 Mililitros"],"ingredients":[" Agua carbonatada, zumo de limón a partir de concentrado (1%), colorante: E-150d, aromas (incluyendo aroma natural de lima y cafeína), correctores de acidez: E-338, E-331 y E-330, edulcorantes: aspartamo y acesulfamo K, conservador: E-211. Contiene una fuente de fenilalanina."],"conservation":" Proteger de la luz solar y de olores agresivos. No congelar. Conservar en lugar limpio, fresco y seco. Evitar el contacto directo con el suelo.","ean":"4060800149404"},{"full_name":"PEPSI clásica SIN CAFEÍNA lata 33 cl","name":"clásica SIN CAFEÍNA lata 33 cl","brand":"PEPSI ","img":"https://sgfm.elcorteingles.es/SGFM/dctm/MEDIA02/CONTENIDOS/201509/22/00118622700146____1__600x600.jpg","price":"0,44 €","price_unit":"(1,33 € / Litro)","categories":["Supermercado","Bebidas","Agua, Refrescos y Zumos","Refrescos y gaseosa","Refresco cola lata","PEPSI clásica SIN CAFEÍNA lata 33 cl"],"general_information":["Denominación del alimento: Bebida refrescante de extractos","Nombre del operador: Compañía de Bebidas Pepsico, s.l.","Dirección del operador: Avda. de los Olmos, 2, 01013 - Vitoria","Cantidad Neta: 330 Mililitros"],"ingredients":[" Agua carbonatada, azúcar, colorante: E-150d, acidulante: E-338, extractos y aromas naturales."],"conservation":" Proteger de la luz solar y de olores agresivos. No congelar. Conservar en lugar limpio, fresco y seco. Evitar el contacto directo con el suelo.","ean":"0000087170160"},{"full_name":"PEPSI Twist al limón lata 33 cl","name":"Twist al limón lata 33 cl","brand":"PEPSI ","img":"https://sgfm.elcorteingles.es/SGFM/dctm/MEDIA02/CONTENIDOS/201509/22/00118622300269____1__600x600.jpg","price":"0,44 €","price_unit":"(1,33 € / Litro)","categories":["Supermercado","Bebidas","Agua, Refrescos y Zumos","Refrescos y gaseosa","Refresco cola lata","PEPSI Twist al limón lata 33 cl"],"general_information":["Denominación del alimento: Bebida refrescante aromatizada","Nombre del operador: Compañía de Bebidas Pepsico, s.l.","Dirección del operador: Avda. de los Olmos, 2, 01013 - Vitoria","Cantidad Neta: 330 Mililitros"],"ingredients":[" Agua carbonatada, azúcar, aromas (zumos de limón concentrado, extractos y aromas naturales, cafeína), colorante: E-150d, correctores de acidez: E-338 y E-331, conservador: E-211."],"conservation":" Proteger de la luz solar y de olores agresivos. No congelar. Conservar en lugar limpio, fresco y seco. Evitar el contacto directo con el suelo.","ean":"4060800127181"},{"full_name":"PEPSI MAX Zero azúcar pack 9 latas lata 33 cl","name":"Zero azúcar pack 9 latas lata 33 cl","brand":"PEPSI MAX ","img":"https://sgfm.elcorteingles.es/SGFM/dctm/MEDIA03/201606/13/00118622500645____1__600x600.jpg","price":"3,89 €","price_unit":"(1,31 € / Litro)","categories":["Supermercado","Bebidas","Agua, Refrescos y Zumos","Refrescos y gaseosa","Refresco cola lata","PEPSI MAX Zero azúcar pack 9 latas lata 33 cl"],"general_information":["Denominación del alimento: Bebida refrescante aromatizada con edulcorantes.","Nombre del operador: Compañía de Bebidas Pepsico, S.L.","Dirección del operador: Avda. de los Olmos, 2, 01013 - Vitoria","Cantidad Neta: 2970 Mililitros"],"ingredients":[" Agua carbonatada, colorante: E-150d, correctores de acidez: E-338, E-331 y E-330, edulcorantes: aspartamo y acesulfamo K, aromas (cafeína, extractos y aromas naturales). Contiene una fuente de fenilalanina."],"conservation":" Proteger del sol. No congelar. Conservar en lugar limpio, fresco y seco.","ean":"4060800162663"},{"full_name":"PEPSI MAX refresco de cola sin azúcar a la lima lata 33 cl","name":"refresco de cola sin azúcar a la lima lata 33 cl","brand":"PEPSI MAX ","img":"https://sgfm.elcorteingles.es/SGFM/dctm/MEDIA03/201710/19/00118622500702____6__600x600.jpg","price":"0,47 €","price_unit":"(1,42 € / Litro)","categories":["Supermercado","Bebidas","Agua, Refrescos y Zumos","Refrescos y gaseosa","Refresco cola lata","PEPSI MAX refresco de cola sin azúcar a la lima lata 33 cl"],"general_information":["Denominación del alimento: Bebida refrescante aromatizada  con edulcorantes","Nombre del operador: Compañía de Bebidas Pepsico, S.L.","Dirección del operador: Avda. de los Olmos, 2, 01013 - Vitoria","Cantidad Neta: 330 Mililitros"],"ingredients":[" Agua carbonatada, colorante (E-150d), acidulantes (E-330, E-338), corrector de acidez (E-331), edulcorantes (aspartamo y acesulfamo K), aromas (incluyendo aroma natural de lima y cafeína). Contiene una fuente de fenilalanina."],"conservation":" Proteger del sol. No congelar. Conservar en lugar limpio, fresco y seco.","ean":"4060800162823"},{"full_name":"LA CASERA refresco de cola lata 33 cl","name":"refresco de cola lata 33 cl","brand":"LA CASERA ","img":"https://sgfm.elcorteingles.es/SGFM/00/35/0/0118622300350/0118622300350000g01011.jpg","price":"0,37 €","price_unit":"(1,12 € / Litro)","categories":["Supermercado","Bebidas","Agua, Refrescos y Zumos","Refrescos y gaseosa","Refresco cola lata","LA CASERA refresco de cola lata 33 cl"],"general_information":["Denominación del alimento: Bebida refrescante aromatizada. Con azúcar y edulcorantes.","Nombre del operador: Schweppes, S.A. \"Envasado con licencia de schweppes international limited.\"","Dirección del operador: Pº Castellana 202, 28046 Madrid","Cantidad Neta: 33 Centilitros"],"ingredients":[" Agua carbonatada, azúcar, colorante: E-150d, acidulantes: E-338 y E-330, edulcorantes: E-952, E-950 y E-954, aroma cafeína, aromas naturales."],"conservation":" Mantener en lugar fresco y seco. Proteger de la luz solar y de olores intensos.","ean":"8410283303651"},{"full_name":"GREEN COLA refresco de cola con extracto de Stevia, 0% azúcar, 0% conservantes lata 33 cl","name":"refresco de cola con extracto de Stevia, 0% azúcar, 0% conservantes lata 33 cl","brand":"GREEN COLA ","img":"https://sgfm.elcorteingles.es/SGFM/dctm/MEDIA03/201708/04/00118622500686____1__600x600.jpg","price":"0,68 €","price_unit":"(2,06 € / Litro)","categories":["Supermercado","Bebidas","Agua, Refrescos y Zumos","Refrescos y gaseosa","Refresco cola lata","GREEN COLA refresco de cola con extracto de Stevia, 0% azúcar, 0% conservantes lata 33 cl"],"general_information":[],"ingredients":[],"ean":"8437017084013"},{"full_name":"ALIADA refresco cola botella 2 l","name":"refresco cola botella 2 l","brand":"ALIADA ","img":"https://sgfm.elcorteingles.es/SGFM/dctm/MEDIA03/201609/09/00118610201354____1__600x600.jpg","price":"0,49 €","price_unit":"(0,24 € / Litro)","categories":["Supermercado","Bebidas","Agua, Refrescos y Zumos","Refrescos y gaseosa","Refresco cola botella","ALIADA refresco cola botella 2 l"],"general_information":["Denominación del alimento: BEBIDA REFRESCANTE DE EXTRACTOS. CON AZÚCARES Y EDULCORANTE","Nombre del operador: Elaborado para\nEl  Grupo El Corte Inglés\nHermosilla, 112 - 28009 Madrid ? España \npor CIF A-83745695","Número de raciones por envase: 10"],"ingredients":[" Ingredientes: Agua carbonatada, azúcar, jarabe de glucosa y fructosa, colorante (E-150d), acidulante (E-338), edulcorante (E-955), cafeína, aromas naturales."],"conservation":" Conservar alejado de la luz solar y de olores agresivos. Una vez abierto, mantener en el frigorífico y consumir en el plazo de 3 días.","ean":"8433329063111"},{"full_name":"ALIADA Light refresco de cola botella 2 l","name":"Light refresco de cola botella 2 l","brand":"ALIADA ","img":"https://sgfm.elcorteingles.es/SGFM/dctm/MEDIA03/201609/02/00118622400358____1__600x600.jpg","price":"0,52 €","price_unit":"(0,26 € / Litro)","categories":["Supermercado","Bebidas","Agua, Refrescos y Zumos","Refrescos y gaseosa","Refresco cola botella","ALIADA Light refresco de cola botella 2 l"],"general_information":["Denominación del alimento: BEBIDA REFRESCANTE AROMATIZADA. CON EDULCORANTES.","Nombre del operador: Elaborado para\nEl  Grupo El Corte Inglés\nHermosilla, 112 - 28009 Madrid ? España \npor CIF A-83745695","Número de raciones por envase: 10"],"ingredients":[" Ingredientes: Agua carbonatada, colorante (E-150d), acidulantes (E-338, E-330), edulcorantes (E-952, E-951**, E-950), cafeína, aromas naturales.\n**Contiene aspartamo (una fuente de fenilalanina)."],"conservation":" Conservar alejado de la luz solar y de olores agresivos. Una vez abierto, mantener en el frigorífico y consumir en el plazo de 3 días.","ean":"8433329063135"},{"full_name":"ALIADA Zero refresco de cola botella 2 l","name":"Zero refresco de cola botella 2 l","brand":"ALIADA ","img":"https://sgfm.elcorteingles.es/SGFM/dctm/MEDIA03/201609/09/00118622400374____1__600x600.jpg","price":"0,55 €","price_unit":"(0,28 € / Litro)","categories":["Supermercado","Bebidas","Agua, Refrescos y Zumos","Refrescos y gaseosa","Refresco cola botella","ALIADA Zero refresco de cola botella 2 l"],"general_information":["Denominación del alimento: BEBIDA REFRESCANTE AROMATIZADA. CON EDULCORANTES","Nombre del operador: Elaborado para\nEl  Grupo El Corte Inglés\nHermosilla, 112 - 28009 Madrid ? España por \nCIF A-83745695","Número de raciones por envase: 10"],"ingredients":[" Ingredientes: Agua carbonatada, colorante (E-150d), acidulante (E-338), edulcorantes (E-952, E-950, E-951**), corrector de acidez (E331iii), aroma: cafeína, aroma natural.\n**Contiene aspartamo (una fuente de fenilalanina)."],"conservation":" Conservar alejado de la luz solar y de olores agresivos. \nUna vez abierto, mantener en el frigorífico y consumir en el plazo de 3 días.","ean":"8433329063159"},{"full_name":"COCA-COLA Clásica refresco de cola pack 6 botella 2 l","name":"Clásica refresco de cola pack 6 botella 2 l","brand":"COCA-COLA ","img":"https://sgfm.elcorteingles.es/SGFM/dctm/MEDIA03/201711/03/00118610201461____16__600x600.jpg","price":"8,16 €            ","price_unit":"(0,62 € / Litro)","categories":["Supermercado","Bebidas","Agua, Refrescos y Zumos","Refrescos y gaseosa","Refresco cola botella","COCA-COLA Clásica refresco de cola pack 6 botella 2 l"],"general_information":["Denominación del alimento: Bebida refrescante aromatizada","Nombre del operador: Coca-Cola European Partners Iberia, S.L.U.","Dirección del operador: C/Ribera del Loira 20-22, 28042 - Madrid (España).","Cantidad Neta: 6 Unidad"],"ingredients":[],"ean":"5449000183095"},{"full_name":"COCA-COLA Clásica refresco de cola pack 4 botella 2 l","name":"Clásica refresco de cola pack 4 botella 2 l","brand":"COCA-COLA ","img":"https://sgfm.elcorteingles.es/SGFM/dctm/MEDIA03/201711/03/00118610200422____13__600x600.jpg","price":"5,48 €            ","price_unit":"(0,63 € / Litro)","categories":["Supermercado","Bebidas","Agua, Refrescos y Zumos","Refrescos y gaseosa","Refresco cola botella","COCA-COLA Clásica refresco de cola pack 4 botella 2 l"],"general_information":["Denominación del alimento: Bebida refrescante aromatizada","Nombre del operador: CC European Partners Iberia, S.L.U.","Dirección del operador: C/Ribera del Loira 20-22, 28042 - Madrid (España).","Cantidad Neta: 8 Litros"],"ingredients":[" Agua carbonatada, azúcar, colorante E-150d, acidulante E-338 y aromas naturales (incluyendo cafeína)."],"conservation":" Proteger de la luz solar. Preservar de olores agresivos. Conservar en lugar limpio, fresco y seco.","ean":"5449000021298"},{"full_name":"COCA-COLA Clásica refresco de cola pack 2 botella 2 l","name":"Clásica refresco de cola pack 2 botella 2 l","brand":"COCA-COLA ","img":"https://sgfm.elcorteingles.es/SGFM/dctm/MEDIA03/201711/03/00118610200075____18__600x600.jpg","price":"3,36 €            ","price_unit":"(1,28 € / Litro)","categories":["Supermercado","Bebidas","Agua, Refrescos y Zumos","Refrescos y gaseosa","Refresco cola botella","COCA-COLA Clásica refresco de cola pack 2 botella 2 l"],"general_information":["Denominación del alimento: Bebida refrescante aromatizada","Nombre del operador: CC European Partners Iberia, S.L.U.","Dirección del operador: C/Ribera del Loira 20-22, 28042 - Madrid (España).","Cantidad Neta: 4 Litros"],"ingredients":[" Agua carbonatada, azúcar, colorante E-150d, acidulante E-338 y aromas naturales (incluyendo cafeína)."],"conservation":" Proteger de la luz solar. Preservar de olores agresivos. Conservar en lugar limpio, fresco y seco.","ean":"5449000034298"},{"full_name":"COCA-COLA Clásica refresco de cola botella 2 l","name":"Clásica refresco de cola botella 2 l","brand":"COCA-COLA ","img":"https://sgfm.elcorteingles.es/SGFM/dctm/MEDIA03/201711/03/00118610200372____22__600x600.jpg","price":"1,43 €","price_unit":"(0,72 € / Litro)","categories":["Supermercado","Bebidas","Agua, Refrescos y Zumos","Refrescos y gaseosa","Refresco cola botella","COCA-COLA Clásica refresco de cola botella 2 l"],"general_information":["Denominación del alimento: Bebida refrescante aromatizada","Nombre del operador: CC European Partners Iberia, S.L.U.","Dirección del operador: C/Ribera del Loira 20-22, 28042 - Madrid (España).","Cantidad Neta: 2 Litros"],"ingredients":[" Agua carbonatada, azúcar, colorante E-150d, acidulante E-338 y aromas naturales (incluyendo cafeína)."],"conservation":" Proteger de la luz solar. Preservar de olores agresivos. Conservar en lugar limpio, fresco y seco.","ean":"5449000009067"},{"full_name":"COCA-COLA Clásica refresco de cola botella 1,25 l","name":"Clásica refresco de cola botella 1,25 l","brand":"COCA-COLA ","img":"https://sgfm.elcorteingles.es/SGFM/dctm/MEDIA03/201711/03/00118610200703____10__600x600.jpg","price":"1,19 €            ","price_unit":"(0,80 € / Litro)","categories":["Supermercado","Bebidas","Agua, Refrescos y Zumos","Refrescos y gaseosa","Refresco cola botella","COCA-COLA Clásica refresco de cola botella 1,25 l"],"general_information":["Denominación del alimento: Bebida refrescante aromatizada","Nombre del operador: CC European Partners Iberia, S.L.U.","Dirección del operador: C/Ribera del Loira 20-22, 28042 - Madrid (España).","Cantidad Neta: 1.25 Litros"],"ingredients":[" Agua carbonatada, azúcar, colorante E-150d, acidulante E-338 y aromas naturales (incluyendo cafeína)."],"conservation":" Proteger de la luz solar. Preservar de olores agresivos. Conservar en lugar limpio, fresco y seco.","ean":"5449000028921"},{"full_name":"COCA-COLA Clásica refresco de cola vidrio botella 1 l","name":"Clásica refresco de cola vidrio botella 1 l","brand":"COCA-COLA ","img":"https://sgfm.elcorteingles.es/SGFM/dctm/MEDIA03/201708/25/00118610201479____1__600x600.jpg","price":"1,70 €","price_unit":"(1,70 € / Litro)","categories":["Supermercado","Bebidas","Agua, Refrescos y Zumos","Refrescos y gaseosa","Refresco cola botella","COCA-COLA Clásica refresco de cola vidrio botella 1 l"],"general_information":["Denominación del alimento: Bebida refrescante aromatizada","Nombre del operador: CC European Partners Iberia, S.L.U.","Dirección del operador: C/Ribera del Loira 20-22, 28042 - Madrid (España).","Cantidad Neta: 1 Litros"],"ingredients":[" Agua carbonatada, azúcar, colorante E-150d, acidulante E-338 y aromas naturales (incluyendo cafeína)."],"conservation":" Proteger de la luz solar. Preservar de olores agresivos. Conservar en lugar limpio, fresco y seco.","ean":"5449000100016"},{"full_name":"COCA-COLA Clásica refresco de cola botella 25 cl de aluminio","name":"Clásica refresco de cola botella 25 cl","brand":"COCA-COLA ","img":"https://sgfm.elcorteingles.es/SGFM/dctm/MEDIA03/201705/30/00118622300392____2__600x600.jpg","price":"0,95 €","price_unit":"(3,80 € / Litro)","categories":["Supermercado","Bebidas","Agua, Refrescos y Zumos","Refrescos y gaseosa","Refresco cola botella","COCA-COLA Clásica refresco de cola botella 25 cl de aluminio"],"general_information":["Denominación del alimento: Bebida refrescante aromatizada","Nombre del operador: Coca-Cola European Partners Iberia, S.L.U.","Dirección del operador: C/Ribera del Loira 20-22, 28042 - Madrid (España).","Cantidad Neta: 0.25 Litros"],"ingredients":[" Agua carbonatada, azúcar, colorante E-150d, acidulante E-338 y aromas naturales (incluyendo cafeína)."],"ean":"5449000135599"},{"full_name":"COCA-COLA Clásica refresco de cola botella 50 cl","name":"Clásica refresco de cola botella 50 cl","brand":"COCA-COLA ","img":"https://sgfm.elcorteingles.es/SGFM/dctm/MEDIA03/201711/03/00118622300194____13__600x600.jpg","price":"0,89 €","price_unit":"(1,78 € / Litro)","categories":["Supermercado","Bebidas","Agua, Refrescos y Zumos","Refrescos y gaseosa","Refresco cola botella","COCA-COLA Clásica refresco de cola botella 50 cl"],"general_information":["Denominación del alimento: Bebida refrescante aromatizada","Nombre del operador: Coca-Cola European Partners Iberia, S.L.U.","Dirección del operador: C/Ribera del Loira 20-22, 28042 - Madrid (España).","Cantidad Neta: 0.5 Litros"],"ingredients":[" Agua carbonatada, azúcar, colorante E-150d, acidulante E-338 y aromas naturales (incluyendo cafeína)."],"ean":"0000054491472"},{"full_name":"COCA-COLA Clásica refresco de cola pack 4 botellas 50 cl","name":"Clásica refresco de cola pack 4 botellas 50 cl","brand":"COCA-COLA ","img":"https://sgfm.elcorteingles.es/SGFM/dctm/MEDIA03/201705/25/00118622300442____1__600x600.jpg","price":"3,22 €","price_unit":"(6,44 € / Litro)","categories":["Supermercado","Bebidas","Agua, Refrescos y Zumos","Refrescos y gaseosa","Refresco cola botella","COCA-COLA Clásica refresco de cola pack 4 botellas 50 cl"],"general_information":["Denominación del alimento: Bebida refrescante aromatizada","Nombre del operador: Coca-Cola European Partners Iberia, S.L.U.","Dirección del operador: C/Ribera del Loira 20-22, 28042 - Madrid (España).","Cantidad Neta: 4 Unidad"],"ingredients":[" Agua carbonatada, azúcar, colorante E-150d, acidulante E-338 y aromas naturales (incluyendo cafeína)."],"ean":"5449000018861"},{"full_name":"COCA-COLA Clásica refresco de cola pack 6 botella 20 cl","name":"Clásica refresco de cola pack 6 botella 20 cl","brand":"COCA-COLA ","img":"https://sgfm.elcorteingles.es/SGFM/dctm/MEDIA03/201705/23/00118622300210____2__600x600.jpg","price":"4,73 €            ","price_unit":"(3,72 € / Litro)","categories":["Supermercado","Bebidas","Agua, Refrescos y Zumos","Refrescos y gaseosa","Refresco cola botella","COCA-COLA Clásica refresco de cola pack 6 botella 20 cl"],"general_information":["Denominación del alimento: Bebida refrescante aromatizada","Nombre del operador: Coca-Cola European Partners Iberia, S.L.U.","Dirección del operador: C/Ribera del Loira 20-22, 28042 - Madrid (España).","Cantidad Neta: 6 Unidad"],"ingredients":[" Agua carbonatada, azúcar, colorante E-150d, acidulante E-338 y aromas naturales (incluyendo cafeína)."],"ean":"5449000001177"},{"full_name":"COCA-COLA Clásica refresco de cola SIN CAFEÍNA pack 2 botella 2 l","name":"Clásica refresco de cola SIN CAFEÍNA pack 2 botella 2 l","brand":"COCA-COLA ","img":"https://sgfm.elcorteingles.es/SGFM/dctm/MEDIA03/201702/08/00118622600114____4__600x600.jpg","price":"2,82 €","price_unit":"(1,41 € / Litro)","categories":["Supermercado","Bebidas","Agua, Refrescos y Zumos","Refrescos y gaseosa","Refresco cola botella","COCA-COLA Clásica refresco de cola SIN CAFEÍNA pack 2 botella 2 l"],"general_information":["Denominación del alimento: Bebida refrescante aromatizada","Nombre del operador: Coca-Cola European Partners Iberia, S.L.U.","Dirección del operador: C/Ribera del Loira 20-22, 28042 - Madrid (España).","Cantidad Neta: 2 Unidad"],"ingredients":[" Agua carbonatada, azúcar, colorante E-150d, acidulante E-338 y aromas."],"ean":"5449000059376"},{"full_name":"COCA-COLA Clásica refresco de cola SIN CAFEÍNA botella 2 l","name":"Clásica refresco de cola SIN CAFEÍNA botella 2 l","brand":"COCA-COLA ","img":"https://sgfm.elcorteingles.es/SGFM/dctm/MEDIA03/201702/08/00118622600098____3__600x600.jpg","price":"1,43 €","price_unit":"(0,72 € / Litro)","categories":["Supermercado","Bebidas","Agua, Refrescos y Zumos","Refrescos y gaseosa","Refresco cola botella","COCA-COLA Clásica refresco de cola SIN CAFEÍNA botella 2 l"],"general_information":["Denominación del alimento: Bebida refrescante aromatizada","Nombre del operador: Coca-Cola European Partners Iberia, S.L.U.","Dirección del operador: C/Ribera del Loira 20-22, 28042 - Madrid (España).","Cantidad Neta: 2 Litros"],"ingredients":[" Agua carbonatada, azúcar, colorante E-150d, acidulante E-338 y aromas."],"ean":"5449000015846"},{"full_name":"COCA-COLA Clásica refresco de cola SIN CAFEÍNA botella 1,5 l","name":"Clásica refresco de cola SIN CAFEÍNA botella 1,5 l","brand":"COCA-COLA ","img":"https://sgfm.elcorteingles.es/SGFM/dctm/MEDIA02/CONTENIDOS/201504/10/00118622600122____1__600x600.jpg","price":"1,14 €","price_unit":"(0,76 € / Litro)","categories":["Supermercado","Bebidas","Agua, Refrescos y Zumos","Refrescos y gaseosa","Refresco cola botella","COCA-COLA Clásica refresco de cola SIN CAFEÍNA botella 1,5 l"],"general_information":["Denominación del alimento: Bebida refrescante aromatizada","Nombre del operador: Coca-Cola European Partners Iberia, S.L.U.","Dirección del operador: C/Ribera del Loira 20-22, 28042 - Madrid (España).","Cantidad Neta: 1.5 Litros"],"ingredients":[" Agua carbonatada, azúcar, colorante E-150d, acidulante E-338 y aromas."],"ean":"5449000052001"},{"full_name":"COCA-COLA ZERO Azúcar refresco de cola pack 4 botella 2 l","name":"Azúcar refresco de cola pack 4 botella 2 l","brand":"COCA-COLA ZERO ","img":"https://sgfm.elcorteingles.es/SGFM/dctm/MEDIA03/201702/08/00118622400366____2__600x600.jpg","price":"5,04 €","price_unit":"(0,63 € / Litro)","categories":["Supermercado","Bebidas","Agua, Refrescos y Zumos","Refrescos y gaseosa","Refresco cola botella","COCA-COLA ZERO Azúcar refresco de cola pack 4 botella 2 l"],"general_information":["Denominación del alimento: Bebida refrescante aromatizada. con edulcorantes.","Nombre del operador: CC European Partners Iberia, S.L.U.","Dirección del operador: C/Ribera del Loira 20-22, 28042 - Madrid (España).","Cantidad Neta: 8 Litros","Otras menciones obligatorias en la etiqueta: Zero azúcar. Con edulcorantes. Contiene una fuente de fenilalanina."],"ingredients":[" Agua carbonatada, colorante E-150d, edulcorantes E-952, E-950 y aspartamo, acidulante E-338, aromas naturales (incluyendo cafeína) y corrector de acidez E-331. Contiene una fuente de fenilalanina."],"conservation":" Proteger de la luz solar. Preservar de olores agresivos. Conservar en lugar limpio, fresco y seco.","ean":"5449000060181"},{"full_name":"COCA-COLA ZERO Azúcar refresco de cola pack 2 botella 2 l","name":"Azúcar refresco de cola pack 2 botella 2 l","brand":"COCA-COLA ZERO ","img":"https://sgfm.elcorteingles.es/SGFM/dctm/MEDIA03/201711/03/00118622400283____17__600x600.jpg","price":"2,82 €            ","price_unit":"(1,28 € / Litro)","categories":["Supermercado","Bebidas","Agua, Refrescos y Zumos","Refrescos y gaseosa","Refresco cola botella","COCA-COLA ZERO Azúcar refresco de cola pack 2 botella 2 l"],"general_information":["Denominación del alimento: Bebida refrescante aromatizada. con edulcorantes.","Nombre del operador: CC European Partners Iberia, S.L.U.","Dirección del operador: C/Ribera del Loira 20-22, 28042 - Madrid (España).","Cantidad Neta: 4 Litros","Otras menciones obligatorias en la etiqueta: Zero azúcar. Con edulcorantes. Contiene una fuente de fenilalanina."],"ingredients":[" Agua carbonatada, colorante E-150d, edulcorantes E-952, E-950 y aspartamo, acidulante E-338, aromas naturales (incluyendo cafeína) y corrector de acidez E-331. Contiene una fuente de fenilalanina."],"conservation":" Proteger de la luz solar. Preservar de olores agresivos. Conservar en lugar limpio, fresco y seco.","ean":"5449000136336"},{"full_name":"COCA-COLA ZERO Azúcar refresco de cola botella 2 l","name":"Azúcar refresco de cola botella 2 l","brand":"COCA-COLA ZERO ","img":"https://sgfm.elcorteingles.es/SGFM/dctm/MEDIA03/201711/03/00118622400267____17__600x600.jpg","price":"1,43 €","price_unit":"(0,72 € / Litro)","categories":["Supermercado","Bebidas","Agua, Refrescos y Zumos","Refrescos y gaseosa","Refresco cola botella","COCA-COLA ZERO Azúcar refresco de cola botella 2 l"],"general_information":["Denominación del alimento: Bebida refrescante aromatizada. con edulcorantes.","Nombre del operador: CC European Partners Iberia, S.L.U.","Dirección del operador: C/Ribera del Loira 20-22, 28042 - Madrid (España).","Cantidad Neta: 2 Litros","Otras menciones obligatorias en la etiqueta: Zero azúcar. Con edulcorantes. Contiene una fuente de fenilalanina."],"ingredients":[" Agua carbonatada, colorante E-150d, edulcorantes E-952, E-950 y aspartamo, acidulante E-338, aromas naturales (incluyendo cafeína) y corrector de acidez E-331. Contiene una fuente de fenilalanina."],"conservation":" Proteger de la luz solar. Preservar de olores agresivos. Conservar en lugar limpio, fresco y seco.","ean":"5449000131843"},{"full_name":"COCA-COLA ZERO Azúcar refresco de cola vidrio botella 1 l","name":"Azúcar refresco de cola vidrio botella 1 l","brand":"COCA-COLA ZERO ","img":"https://sgfm.elcorteingles.es/SGFM/dctm/MEDIA03/201708/29/00118622400424____1__600x600.jpg","price":"1,70 €","categories":["Supermercado","Bebidas","Agua, Refrescos y Zumos","Refrescos y gaseosa","Refresco cola botella","COCA-COLA ZERO Azúcar refresco de cola vidrio botella 1 l"],"general_information":["Denominación del alimento: Bebida refrescante aromatizada. con edulcorantes.","Nombre del operador: CC European Partners Iberia, S.L.U.","Dirección del operador: C/Ribera del Loira 20-22, 28042 - Madrid (España).","Cantidad Neta: 1 Litros","Otras menciones obligatorias en la etiqueta: Zero azúcar. Con edulcorantes. Contiene una fuente de fenilalanina."],"ingredients":[" Agua carbonatada, colorante E-150d, edulcorantes E-952, E-950 y aspartamo, acidulante E-338, aromas naturales (incluyendo cafeína) y corrector de acidez E-331. Contiene una fuente de fenilalanina."],"conservation":" Proteger de la luz solar. Preservar de olores agresivos. Conservar en lugar limpio, fresco y seco.","ean":"5449000147158"},{"full_name":"COCA-COLA ZERO Azúcar refresco de cola botella 1,5 l","name":"Azúcar refresco de cola botella 1,5 l","brand":"COCA-COLA ZERO ","img":"https://sgfm.elcorteingles.es/SGFM/dctm/MEDIA03/201711/03/00118622400341____7__600x600.jpg","price":"1,14 €","price_unit":"(0,76 € / Litro)","categories":["Supermercado","Bebidas","Agua, Refrescos y Zumos","Refrescos y gaseosa","Refresco cola botella","COCA-COLA ZERO Azúcar refresco de cola botella 1,5 l"],"general_information":["Denominación del alimento: Bebida refrescante aromatizada. con edulcorantes.","Nombre del operador: CC European Partners Iberia, S.L.U.","Dirección del operador: C/Ribera del Loira 20-22, 28042 - Madrid (España).","Cantidad Neta: 1.50 Litros","Otras menciones obligatorias en la etiqueta: Zero azúcar. Con edulcorantes. Contiene una fuente de fenilalanina."],"ingredients":[" Agua carbonatada, colorante E-150d, edulcorantes E-952, E-950 y aspartamo, acidulante E-338, aromas naturales (incluyendo cafeína) y corrector de acidez E-331. Contiene una fuente de fenilalanina."],"conservation":" Proteger de la luz solar. Preservar de olores agresivos. Conservar en lugar limpio, fresco y seco.","ean":"5449000133335"},{"full_name":"COCA-COLA ZERO Azúcar refresco de cola botella 1,25 l","name":"Azúcar refresco de cola botella 1,25 l","brand":"COCA-COLA ZERO ","img":"https://sgfm.elcorteingles.es/SGFM/dctm/MEDIA03/201711/03/00118622400382____10__600x600.jpg","price":"1,19 €            ","price_unit":"(0,80 € / Litro)","categories":["Supermercado","Bebidas","Agua, Refrescos y Zumos","Refrescos y gaseosa","Refresco cola botella","COCA-COLA ZERO Azúcar refresco de cola botella 1,25 l"],"general_information":["Denominación del alimento: Bebida refrescante aromatizada. con edulcorantes.","Nombre del operador: CC European Partners Iberia, S.L.U.","Dirección del operador: C/Ribera del Loira 20-22, 28042 - Madrid (España).","Cantidad Neta: 1.25 Litros","Otras menciones obligatorias en la etiqueta: Zero azúcar. Con edulcorantes. Contiene una fuente de fenilalanina."],"ingredients":[" Agua carbonatada, colorante E-150d, edulcorantes E-952, E-950 y aspartamo, acidulante E-338, aromas naturales (incluyendo cafeína) y corrector de acidez E-331. Contiene una fuente de fenilalanina."],"conservation":" Proteger de la luz solar. Preservar de olores agresivos. Conservar en lugar limpio, fresco y seco.","ean":"5449000133724"},{"full_name":"COCA-COLA ZERO Azúcar refresco de cola botella 50 cl","name":"Azúcar refresco de cola botella 50 cl","brand":"COCA-COLA ZERO ","img":"https://sgfm.elcorteingles.es/SGFM/dctm/MEDIA03/201711/03/00118622500447____13__600x600.jpg","price":"0,89 €","price_unit":"(1,78 € / Litro)","categories":["Supermercado","Bebidas","Agua, Refrescos y Zumos","Refrescos y gaseosa","Refresco cola botella","COCA-COLA ZERO Azúcar refresco de cola botella 50 cl"],"general_information":["Denominación del alimento: Bebida refrescante aromatizada. con edulcorantes.","Nombre del operador: Coca-Cola European Partners Iberia, S.L.U.","Dirección del operador: C/Ribera del Loira 20-22, 28042 - Madrid (España).","Cantidad Neta: 0.5 Litros"],"ingredients":[" Agua carbonatada, colorante E-150d, edulcorantes E-952, E-950 y aspartamo, acidulante E-338, aromas naturales (incluyendo cafeína) y corrector de acidez E-331. Contiene una fuente de fenilalanina."],"ean":"5449000131836"},{"full_name":"COCA-COLA ZERO Azúcar refresco de cola pack 6 botellas 20 cl","name":"Azúcar refresco de cola pack 6 botellas 20 cl","brand":"COCA-COLA ZERO ","img":"https://sgfm.elcorteingles.es/SGFM/dctm/MEDIA03/201711/03/00118622500611____3__600x600.jpg","price":"4,73 €            ","price_unit":"(3,72 € / Litro)","categories":["Supermercado","Bebidas","Agua, Refrescos y Zumos","Refrescos y gaseosa","Refresco cola botella","COCA-COLA ZERO Azúcar refresco de cola pack 6 botellas 20 cl"],"general_information":["Denominación del alimento: Bebida refrescante aromatizada. con edulcorantes.","Nombre del operador: CC European Partners Iberia, S.L.U.","Dirección del operador: C/Ribera del Loira 20-22, 28042 - Madrid (España).","Cantidad Neta: 1.20 Litros","Otras menciones obligatorias en la etiqueta: Zero azúcar. Con edulcorantes. Contiene una fuente de fenilalanina."],"ingredients":[" Agua carbonatada, colorante E-150d, edulcorantes E-952, E-950 y aspartamo, acidulante E-338, aromas naturales (incluyendo cafeína) y corrector de acidez E-331. Contiene una fuente de fenilalanina."],"conservation":" Proteger de la luz solar. Preservar de olores agresivos. Conservar en lugar limpio, fresco y seco.","ean":"5449000134585"},{"full_name":"COCA-COLA ZERO Calorías ZERO CAFEÍNA refresco de cola pack 4 botellas 2 l","name":"Calorías ZERO CAFEÍNA refresco de cola pack 4 botellas 2 l","brand":"COCA-COLA ZERO ","img":"https://sgfm.elcorteingles.es/SGFM/dctm/MEDIA03/201711/03/00118622600171____2__600x600.jpg","price":"5,52 €","price_unit":"(0,69 € / Litro)","categories":["Supermercado","Bebidas","Agua, Refrescos y Zumos","Refrescos y gaseosa","Refresco cola botella","COCA-COLA ZERO Calorías ZERO CAFEÍNA refresco de cola pack 4 botellas 2 l"],"general_information":["Denominación del alimento: Bebida refrescante aromatizada. con edulcorantes.","Nombre del operador: CC European Partners Iberia, S.L.U.","Dirección del operador: C/Ribera del Loira 20-22, 28042 - Madrid (España).","Cantidad Neta: 8 Litros","Otras menciones obligatorias en la etiqueta: Zero ázúcar. Zero cafeína. Con edulcorantes. Contiene una fuente de fenilalanina."],"ingredients":[" Agua carbonatada, colorante E-150d, edulcorantes E-952, E-950 y aspartamo, acidulante E-338, aromas y corrector de acidez E-331. Contiene una fuente de fenilalanina."],"conservation":" Proteger de la luz solar. Preservar de olores agresivos. Conservar en lugar limpio, fresco y seco.","ean":"5449000221582"},{"full_name":"COCA-COLA ZERO Calorías ZERO CAFEÍNA refresco de cola pack 2 botellas 2 l","name":"Calorías ZERO CAFEÍNA refresco de cola pack 2 botellas 2 l","brand":"COCA-COLA ZERO ","img":"https://sgfm.elcorteingles.es/SGFM/dctm/MEDIA03/201711/03/00118622600155____7__600x600.jpg","price":"2,82 €","price_unit":"(1,41 € / Litro)","categories":["Supermercado","Bebidas","Agua, Refrescos y Zumos","Refrescos y gaseosa","Refresco cola botella","COCA-COLA ZERO Calorías ZERO CAFEÍNA refresco de cola pack 2 botellas 2 l"],"general_information":[],"ingredients":[],"ean":"5449000208446"},{"full_name":"COCA-COLA ZERO Calorías ZERO CAFEÍNA refresco de cola botella 2 l","name":"Calorías ZERO CAFEÍNA refresco de cola botella 2 l","brand":"COCA-COLA ZERO ","img":"https://sgfm.elcorteingles.es/SGFM/dctm/MEDIA03/201711/03/00118622600130____18__600x600.jpg","price":"1,43 €","price_unit":"(0,72 € / Litro)","categories":["Supermercado","Bebidas","Agua, Refrescos y Zumos","Refrescos y gaseosa","Refresco cola botella","COCA-COLA ZERO Calorías ZERO CAFEÍNA refresco de cola botella 2 l"],"general_information":["Denominación del alimento: Bebida refrescante aromatizada. con edulcorantes.","Nombre del operador: CC European Partners Iberia, S.L.U.","Dirección del operador: C/Ribera del Loira 20-22, 28042 - Madrid (España).","Cantidad Neta: 2 Litros","Otras menciones obligatorias en la etiqueta: Zero ázúcar. Zero cafeína. Con edulcorantes. Contiene una fuente de fenilalanina."],"ingredients":[" Agua carbonatada, colorante E-150d, edulcorantes E-952, E-950 y aspartamo, acidulante E-338, aromas y corrector de acidez E-331. Contiene una fuente de fenilalanina."],"conservation":" Proteger de la luz solar. Preservar de olores agresivos. Conservar en lugar limpio, fresco y seco.","ean":"5449000177551"},{"full_name":"COCA-COLA ZERO Calorías ZERO CAFEÍNA refresco de cola botella 1,25 l","name":"Calorías ZERO CAFEÍNA refresco de cola botella 1,25 l","brand":"COCA-COLA ZERO ","img":"https://sgfm.elcorteingles.es/SGFM/dctm/MEDIA03/201711/03/00118622600163____10__600x600.jpg","price":"1,19 €            ","price_unit":"(0,80 € / Litro)","categories":["Supermercado","Bebidas","Agua, Refrescos y Zumos","Refrescos y gaseosa","Refresco cola botella","COCA-COLA ZERO Calorías ZERO CAFEÍNA refresco de cola botella 1,25 l"],"general_information":["Denominación del alimento: Bebida refrescante aromatizada. con edulcorantes.","Nombre del operador: CC European Partners Iberia, S.L.U.","Dirección del operador: C/Ribera del Loira 20-22, 28042 - Madrid (España).","Cantidad Neta: 1.25 Litros","Otras menciones obligatorias en la etiqueta: Zero ázúcar. Zero cafeína. Con edulcorantes. Contiene una fuente de fenilalanina."],"ingredients":[" Agua carbonatada, colorante E-150d, edulcorantes E-952, E-950 y aspartamo, acidulante E-338, aromas y corrector de acidez E-331. Contiene una fuente de fenilalanina."],"conservation":" Proteger de la luz solar. Preservar de olores agresivos. Conservar en lugar limpio, fresco y seco.","ean":"5449000223555"},{"full_name":"COCA-COLA ZERO Calorías ZERO CAFEÍNA refresco de cola botella 50 cl","name":"Calorías ZERO CAFEÍNA refresco de cola botella 50 cl","brand":"COCA-COLA ZERO ","img":"https://sgfm.elcorteingles.es/SGFM/dctm/MEDIA03/201711/03/00118622500587____13__600x600.jpg","price":"0,89 €","price_unit":"(1,78 € / Litro)","categories":["Supermercado","Bebidas","Agua, Refrescos y Zumos","Refrescos y gaseosa","Refresco cola botella","COCA-COLA ZERO Calorías ZERO CAFEÍNA refresco de cola botella 50 cl"],"general_information":["Denominación del alimento: Bebida refrescante aromatizada. con edulcorantes.","Nombre del operador: Coca-Cola European Partners Iberia, S.L.U.","Dirección del operador: C/Ribera del Loira 20-22, 28042 - Madrid (España).","Cantidad Neta: 0.5 Litros"],"ingredients":[" Agua carbonatada, colorante E-150d, edulcorantes E-952, E-950 y aspartamo, acidulante E-338, aromas y corrector de acidez E-331. Contiene una fuente de fenilalanina."],"ean":"5449000201935"},{"full_name":"COCA-COLA LIGHT refresco de cola sin azúcar sin calorías pack 4 botellas 2 l","name":"refresco de cola sin azúcar sin calorías pack 4 botellas 2 l","brand":"COCA-COLA LIGHT ","img":"https://sgfm.elcorteingles.es/SGFM/dctm/MEDIA03/201702/08/00118622400317____3__600x600.jpg","price":"5,04 €","price_unit":"(0,63 € / Litro)","categories":["Supermercado","Bebidas","Agua, Refrescos y Zumos","Refrescos y gaseosa","Refresco cola botella","COCA-COLA LIGHT refresco de cola sin azúcar sin calorías pack 4 botellas 2 l"],"general_information":["Denominación del alimento: Bebida refrescante aromatizada. con edulcorantes.","Nombre del operador: CC European Partners Iberia, S.L.U.","Dirección del operador: C/Ribera del Loira 20-22, 28042 - Madrid (España).","Cantidad Neta: 8.80 Litros","Otras menciones obligatorias en la etiqueta: Light: sin azúcar. Con edulcorantes. Contiene una fuente de fenilalanina."],"ingredients":[" Agua carbonatada, colorante E-150d, edulcorantes E-952, E-950 y aspartamo, acidulantes E-338 y E-330 y aromas naturales (incluyendo cafeína). Contiene una fuente de fenilalanina."],"conservation":" Proteger de la luz solar. Preservar de olores agresivos. Conservar en lugar limpio, fresco y seco.","ean":"5449000183156"},{"full_name":"COCA-COLA LIGHT refresco de cola sin azúcar sin calorías pack 2 botellas 2 l","name":"refresco de cola sin azúcar sin calorías pack 2 botellas 2 l","brand":"COCA-COLA LIGHT ","img":"https://sgfm.elcorteingles.es/SGFM/dctm/MEDIA03/201702/08/00118622400234____3__600x600.jpg","price":"2,82 €            ","price_unit":"(1,28 € / Litro)","categories":["Supermercado","Bebidas","Agua, Refrescos y Zumos","Refrescos y gaseosa","Refresco cola botella","COCA-COLA LIGHT refresco de cola sin azúcar sin calorías pack 2 botellas 2 l"],"general_information":["Denominación del alimento: Bebida refrescante aromatizada. con edulcorantes.","Nombre del operador: Coca-Cola European Partners Iberia, S.L.U.","Dirección del operador: C/Ribera del Loira 20-22, 28042 - Madrid (España).","Cantidad Neta: 2 Unidad"],"ingredients":[],"ean":"5449000059352"},{"full_name":"COCA-COLA LIGHT refresco de cola sin azúcar sin calorías botella 2 l","name":"refresco de cola sin azúcar sin calorías botella 2 l","brand":"COCA-COLA LIGHT ","img":"https://sgfm.elcorteingles.es/SGFM/dctm/MEDIA03/201711/03/00118622400218____17__600x600.jpg","price":"1,43 €","price_unit":"(0,72 € / Litro)","categories":["Supermercado","Bebidas","Agua, Refrescos y Zumos","Refrescos y gaseosa","Refresco cola botella","COCA-COLA LIGHT refresco de cola sin azúcar sin calorías botella 2 l"],"general_information":["Denominación del alimento: Bebida refrescante aromatizada. con edulcorantes.","Nombre del operador: CC European Partners Iberia, S.L.U.","Dirección del operador: C/Ribera del Loira 20-22, 28042 - Madrid (España).","Cantidad Neta: 2 Litros","Otras menciones obligatorias en la etiqueta: Light: sin azúcar. Con edulcorantes. Contiene una fuente de fenilalanina."],"ingredients":[" Agua carbonatada, colorante E-150d, edulcorantes E-952, E-950 y aspartamo, acidulantes E-338 y E-330 y aromas naturales (incluyendo cafeína). Contiene una fuente de fenilalanina."],"conservation":" Proteger de la luz solar. Preservar de olores agresivos. Conservar en lugar limpio, fresco y seco.","ean":"5449000020765"},{"full_name":"COCA-COLA LIGHT refresco de cola sin azúcar sin calorías botella 1,25 l","name":"refresco de cola sin azúcar sin calorías botella 1,25 l","brand":"COCA-COLA LIGHT ","img":"https://sgfm.elcorteingles.es/SGFM/dctm/MEDIA03/201711/03/00118622400390____10__600x600.jpg","price":"1,19 €            ","price_unit":"(0,80 € / Litro)","categories":["Supermercado","Bebidas","Agua, Refrescos y Zumos","Refrescos y gaseosa","Refresco cola botella","COCA-COLA LIGHT refresco de cola sin azúcar sin calorías botella 1,25 l"],"general_information":["Denominación del alimento: Bebida refrescante aromatizada. con edulcorantes.","Nombre del operador: CC European Partners Iberia, S.L.U.","Dirección del operador: C/Ribera del Loira 20-22, 28042 - Madrid (España).","Cantidad Neta: 1.25 Litros","Otras menciones obligatorias en la etiqueta: Light: sin azúcar. Con edulcorantes. Contiene una fuente de fenilalanina."],"ingredients":[" Agua carbonatada, colorante E-150d, edulcorantes E-952, E-950 y aspartamo, acidulantes E-338 y E-330 y aromas naturales (incluyendo cafeína). Contiene una fuente de fenilalanina."],"conservation":" Proteger de la luz solar. Preservar de olores agresivos. Conservar en lugar limpio, fresco y seco.","ean":"5449000028945"},{"full_name":"COCA-COLA LIGHT refresco de cola sin azúcar sin calorías botella 50 cl","name":"refresco de cola sin azúcar sin calorías botella 50 cl","brand":"COCA-COLA LIGHT ","img":"https://sgfm.elcorteingles.es/SGFM/dctm/MEDIA03/201711/03/00118622500371____12__600x600.jpg","price":"0,89 €","price_unit":"(1,78 € / Litro)","categories":["Supermercado","Bebidas","Agua, Refrescos y Zumos","Refrescos y gaseosa","Refresco cola botella","COCA-COLA LIGHT refresco de cola sin azúcar sin calorías botella 50 cl"],"general_information":["Denominación del alimento: Bebida refrescante aromatizada. con edulcorantes.","Nombre del operador: Coca-Cola European Partners Iberia, S.L.U.","Dirección del operador: C/Ribera del Loira 20-22, 28042 - Madrid (España).","Cantidad Neta: 0.5 Litros"],"ingredients":[" Agua carbonatada, colorante E-150d, edulcorantes E-952, E-950 y aspartamo, acidulantes E-338 y E-330 y aromas naturales (incluyendo cafeína). Contiene una fuente de fenilalanina."],"ean":"0000054492387"},{"full_name":"COCA-COLA LIGHT refresco de cola sin azúcar sin calorías pack 6 botellas 20 cl","name":"refresco de cola sin azúcar sin calorías pack 6 botellas 20 cl","brand":"COCA-COLA LIGHT ","img":"https://sgfm.elcorteingles.es/SGFM/dctm/MEDIA03/201705/23/00118622500322____2__600x600.jpg","price":"4,73 €            ","price_unit":"(3,72 € / Litro)","categories":["Supermercado","Bebidas","Agua, Refrescos y Zumos","Refrescos y gaseosa","Refresco cola botella","COCA-COLA LIGHT refresco de cola sin azúcar sin calorías pack 6 botellas 20 cl"],"general_information":["Denominación del alimento: Bebida refrescante aromatizada. con edulcorantes.","Nombre del operador: Coca-Cola European Partners Iberia, S.L.U.","Dirección del operador: C/Ribera del Loira 20-22, 28042 - Madrid (España).","Cantidad Neta: 6 Unidad"],"ingredients":[" Agua carbonatada, colorante E-150d, edulcorantes E-952, E-950 y aspartamo, acidulantes E-338 y E-330 y aromas naturales (incluyendo cafeína). Contiene una fuente de fenilalanina."],"ean":"5449000021335"},{"full_name":"COCA-COLA LIGHT refresco de cola SIN CAFEÍNA sin azúcar sin calorías botella 2 l","name":"refresco de cola SIN CAFEÍNA sin azúcar sin calorías botella 2 l","brand":"COCA-COLA LIGHT ","img":"https://sgfm.elcorteingles.es/SGFM/dctm/MEDIA03/201702/08/00118622600080____3__600x600.jpg","price":"1,43 €","price_unit":"(0,72 € / Litro)","categories":["Supermercado","Bebidas","Agua, Refrescos y Zumos","Refrescos y gaseosa","Refresco cola botella","COCA-COLA LIGHT refresco de cola SIN CAFEÍNA sin azúcar sin calorías botella 2 l"],"general_information":["Denominación del alimento: Bebida refrescante aromatizada. con edulcorantes.","Nombre del operador: Coca-Cola European Partners Iberia, S.L.U.","Dirección del operador: C/Ribera del Loira 20-22, 28042 - Madrid (España).","Cantidad Neta: 2 Litros"],"ingredients":[" Agua carbonatada, colorante E-150d, edulcorantes E-952, E-950 y aspartamo, acidulantes E-338 y E-330 y aromas . Contiene una fuente de fenilalanina."],"ean":"5449000057297"},{"full_name":"PEPSI Clásica refresco de cola pack 4 botella 2 l","name":"Clásica refresco de cola pack 4 botella 2 l","brand":"PEPSI ","img":"https://sgfm.elcorteingles.es/SGFM/dctm/MEDIA02/CONTENIDOS/201509/22/00118610200976____2__600x600.jpg","price":"4,65 €","price_unit":"(2,32 € / Litro)","categories":["Supermercado","Bebidas","Agua, Refrescos y Zumos","Refrescos y gaseosa","Refresco cola botella","PEPSI Clásica refresco de cola pack 4 botella 2 l"],"general_information":["Denominación del alimento: Bebida refrescante aromatizada","Nombre del operador: Compañía de Bebidas Pepsico, s.l.","Dirección del operador: Avda. de los Olmos, 2, 01013 - Vitoria","Cantidad Neta: 8 Litros"],"ingredients":[" Agua carbonatada, azúcar, colorante: E-150d, acidulante: E-338, aromas (cafeína, extractos y aromas naturales)."],"conservation":" Proteger de la luz solar y de olores agresivos. No congelar. Conservar en lugar limpio, fresco y seco. Evitar el contacto directo con el suelo.","ean":"4060800106513"},{"full_name":"PEPSI Clásica refresco de cola pack 2 botellas 2 l","name":"Clásica refresco de cola pack 2 botellas 2 l","brand":"PEPSI ","img":"https://sgfm.elcorteingles.es/SGFM/dctm/MEDIA02/CONTENIDOS/201509/22/00118610200653____1__600x600.jpg","price":"2,35 €","price_unit":"(0,59 € / Litro)","categories":["Supermercado","Bebidas","Agua, Refrescos y Zumos","Refrescos y gaseosa","Refresco cola botella","PEPSI Clásica refresco de cola pack 2 botellas 2 l"],"general_information":["Denominación del alimento: Bebida refrescante aromatizada","Nombre del operador: Compañía de Bebidas Pepsico, s.l.","Dirección del operador: Avda. de los Olmos, 2, 01013 - Vitoria","Cantidad Neta: 4 Litros"],"ingredients":[" Agua carbonatada, azúcar, colorante: E-150d, acidulante: E-338, aromas (cafeína, extractos y aromas naturales)."],"conservation":" Proteger de la luz solar y de olores agresivos. No congelar. Conservar en lugar limpio, fresco y seco. Evitar el contacto directo con el suelo.","ean":"4060800104182"},{"full_name":"PEPSI Clásica refresco de cola botella 2 l","name":"Clásica refresco de cola botella 2 l","brand":"PEPSI ","img":"https://sgfm.elcorteingles.es/SGFM/dctm/MEDIA02/CONTENIDOS/201509/22/00118610200380____1__600x600.jpg","price":"1,19 €","price_unit":"(0,60 € / Litro)","categories":["Supermercado","Bebidas","Agua, Refrescos y Zumos","Refrescos y gaseosa","Refresco cola botella","PEPSI Clásica refresco de cola botella 2 l"],"general_information":["Denominación del alimento: Bebida refrescante aromatizada","Nombre del operador: Compañía de Bebidas Pepsico, s.l.","Dirección del operador: Avda. de los Olmos, 2, 01013 - Vitoria","Cantidad Neta: 2 Litros"],"ingredients":[" Agua carbonatada, azúcar, colorante: E-150d, acidulante: E-338, aromas (cafeína, extractos y aromas naturales)."],"conservation":" Proteger de la luz solar y de olores agresivos. No congelar. Conservar en lugar limpio, fresco y seco. Evitar el contacto directo con el suelo.","ean":"4060800001771"},{"full_name":"PEPSI Clásica refresco de cola botella 1,5 l","name":"Clásica refresco de cola botella 1,5 l","brand":"PEPSI ","img":"https://sgfm.elcorteingles.es/SGFM/dctm/MEDIA02/CONTENIDOS/201509/22/00118610200950____1__600x600.jpg","price":"0,97 €","price_unit":"(0,06 € / Litro)","categories":["Supermercado","Bebidas","Agua, Refrescos y Zumos","Refrescos y gaseosa","Refresco cola botella","PEPSI Clásica refresco de cola botella 1,5 l"],"general_information":["Denominación del alimento: Bebida refrescante aromatizada","Nombre del operador: Compañía de Bebidas Pepsico, s.l.","Dirección del operador: Avda. de los Olmos, 2, 01013 - Vitoria","Cantidad Neta: 1.5 Litros"],"ingredients":[" Agua carbonatada, azúcar, colorante: E-150d, acidulante: E-338, aromas (cafeína, extractos y aromas naturales)."],"conservation":" Proteger de la luz solar y de olores agresivos. No congelar. Conservar en lugar limpio, fresco y seco. Evitar el contacto directo con el suelo.","ean":"4060800001740"},{"full_name":"PEPSI Clásica refresco de cola botella 33 cl","name":"Clásica refresco de cola botella 33 cl","brand":"PEPSI ","img":"https://sgfm.elcorteingles.es/SGFM/dctm/MEDIA02/CONTENIDOS/201509/22/00118622300244____1__600x600.jpg","price":"0,58 €","price_unit":"(1,76 € / Litro)","categories":["Supermercado","Bebidas","Agua, Refrescos y Zumos","Refrescos y gaseosa","Refresco cola botella","PEPSI Clásica refresco de cola botella 33 cl"],"general_information":["Denominación del alimento: Bebida refrescante aromatizada","Nombre del operador: Compañía de Bebidas Pepsico S.L.","Dirección del operador: Avda. de los Olmos, 2, 01013 - Vitoria","Cantidad Neta: 330 Mililitros"],"ingredients":[" Agua carbonatada, azúcar, colorante: E-150d, acidulante: E-338, aromas (cafeína, extractos y aromas naturales)."],"conservation":" Proteger del sol. No congelar. Conservar en lugar limpio, fresco y seco.","ean":"0000087177404"},{"full_name":"PEPSI LIGHT refresco de cola 0% azúcar pack 4 botella 2 l","name":"refresco de cola 0% azúcar pack 4 botella 2 l","brand":"PEPSI LIGHT ","img":"https://sgfm.elcorteingles.es/SGFM/dctm/MEDIA02/CONTENIDOS/201509/22/00200522400274____2__600x600.jpg","price":"4,65 €","price_unit":"(2,32 € / Litro)","categories":["Supermercado","Bebidas","Agua, Refrescos y Zumos","Refrescos y gaseosa","Refresco cola botella","PEPSI LIGHT refresco de cola 0% azúcar pack 4 botella 2 l"],"general_information":["Denominación del alimento: Bebida refrescante aromatizada con edulcorantes","Nombre del operador: Compañía de Bebidas Pepsico, s.l.","Dirección del operador: Avda. de los Olmos, 2, 01013 - Vitoria","Cantidad Neta: 8 Litros"],"ingredients":[" Agua carbonatada, colorante: E-150d, acidulantes: E-338, E-331 y E-330, edulcorantes: aspartamo y acesulfamo K, aromas (cafeína, extractos y aromas naturales). Contiene una fuente de fenilalanina."],"conservation":" Proteger de la luz solar y de olores agresivos. No congelar. Conservar en lugar limpio, fresco y seco. Evitar el contacto directo con el suelo.","ean":"4060800145147"},{"full_name":"PEPSI LIGHT refresco de cola 0% azúcar pack 2 botellas 2 l","name":"refresco de cola 0% azúcar pack 2 botellas 2 l","brand":"PEPSI LIGHT ","img":"https://sgfm.elcorteingles.es/SGFM/dctm/MEDIA03/201702/13/00118622400242____1__600x600.jpg","price":"2,35 €","price_unit":"(1,18 € / Litro)","categories":["Supermercado","Bebidas","Agua, Refrescos y Zumos","Refrescos y gaseosa","Refresco cola botella","PEPSI LIGHT refresco de cola 0% azúcar pack 2 botellas 2 l"],"general_information":["Denominación del alimento: Bebida refrescante aromatizada con edulcorantes","Nombre del operador: Compañía de Bebidas Pepsico, s.l.","Dirección del operador: Avda. de los Olmos, 2, 01013 - Vitoria","Cantidad Neta: 4 Litros"],"ingredients":[" Agua carbonatada, colorante: E-150d, acidulantes: E-338, E-331 y E-330, edulcorantes: aspartamo y acesulfamo K, aromas (cafeína, extractos y aromas naturales). Contiene una fuente de fenilalanina."],"conservation":" Proteger de la luz solar y de olores agresivos. No congelar. Conservar en lugar limpio, fresco y seco. Evitar el contacto directo con el suelo.","ean":"4060800125590"},{"full_name":"PEPSI LIGHT refresco de cola 0% azúcar botella 2 l","name":"refresco de cola 0% azúcar botella 2 l","brand":"PEPSI LIGHT ","img":"https://sgfm.elcorteingles.es/SGFM/dctm/MEDIA02/CONTENIDOS/201509/22/00118622400226____1__600x600.jpg","price":"1,19 €","price_unit":"(0,60 € / Litro)","categories":["Supermercado","Bebidas","Agua, Refrescos y Zumos","Refrescos y gaseosa","Refresco cola botella","PEPSI LIGHT refresco de cola 0% azúcar botella 2 l"],"general_information":["Denominación del alimento: Bebida refrescante aromatizada con edulcorantes","Nombre del operador: Compañía de Bebidas Pepsico, s.l.","Dirección del operador: Avda. de los Olmos, 2, 01013 - Vitoria","Cantidad Neta: 2 Litros"],"ingredients":[" Agua carbonatada, colorante: E-150d, acidulantes: E-338, E-331 y E-330, edulcorantes: aspartamo y acesulfamo K, aromas (cafeína, extractos y aromas naturales). Contiene una fuente de fenilalanina.En Canarias: Agua carbonatada, colorante: E-150d, acidulantes: E-338 y E-330, edulcorantes: aspartamo y acesulfamo K, aromas (cafeína, extractos y aromas naturales), conservador: E-211. Contiene una fuente de fenilalanina."],"conservation":" Proteger de la luz solar y de olores agresivos. No congelar. Conservar en lugar limpio, fresco y seco. Evitar el contacto directo con el suelo.","ean":"4060800002242"},{"full_name":"PEPSI LIGHT refresco de cola 0% azúcar botella 33 cl","name":"refresco de cola 0% azúcar botella 33 cl","brand":"PEPSI LIGHT ","img":"https://sgfm.elcorteingles.es/SGFM/dctm/MEDIA02/CONTENIDOS/201509/22/00118622500454____1__600x600.jpg","price":"0,58 €","price_unit":"(1,76 € / Litro)","categories":["Supermercado","Bebidas","Agua, Refrescos y Zumos","Refrescos y gaseosa","Refresco cola botella","PEPSI LIGHT refresco de cola 0% azúcar botella 33 cl"],"general_information":["Denominación del alimento: Bebida refrescante aromatizada con edulcorantes","Nombre del operador: Compañía de Bebidas Pepsico, s.l.","Dirección del operador: Avda. de los Olmos, 2, 01013 - Vitoria","Cantidad Neta: 330 Mililitros"],"ingredients":[" Agua carbonatada, colorante: E-150d, acidulantes: E-338, E-331 y E-330, edulcorantes: aspartamo y acesulfamo K, aromas (cafeína, extractos y aromas naturales). Contiene una fuente de fenilalanina."],"conservation":" Proteger de la luz solar y de olores agresivos. No congelar. Conservar en lugar limpio, fresco y seco. Evitar el contacto directo con el suelo.","ean":"0000087170351"},{"full_name":"PEPSI LIGHT refresco de cola 0% azúcar a la lima botella 2 l","name":"refresco de cola 0% azúcar a la lima botella 2 l","brand":"PEPSI LIGHT ","img":"https://sgfm.elcorteingles.es/SGFM/dctm/MEDIA02/CONTENIDOS/201509/22/00200522400365____1__600x600.jpg","price":"1,19 €","price_unit":"(0,60 € / Litro)","categories":["Supermercado","Bebidas","Agua, Refrescos y Zumos","Refrescos y gaseosa","Refresco cola botella","PEPSI LIGHT refresco de cola 0% azúcar a la lima botella 2 l"],"general_information":["Denominación del alimento: Bebida refrescante aromatizada con edulcorantes","Nombre del operador: Compañía de Bebidas Pepsico, s.l.","Dirección del operador: Avda. de los Olmos, 2, 01013 - Vitoria","Cantidad Neta: 2 Litros"],"ingredients":[" Agua carbonatada, zumo de limón a partir de concentrado (1%), colorante: E-150d, aromas (incluyendo aroma natural de lima y cafeína), correctores de acidez: E-338, E-331 y E-330, edulcorantes: aspartamo y acesulfamo K, conservador: E-211. Contiene una fuente de fenilalanina."],"conservation":" Proteger de la luz solar y de olores agresivos. No congelar. Conservar en lugar limpio, fresco y seco. Evitar el contacto directo con el suelo.","ean":"4060800149381"},{"full_name":"PEPSI LIGHT refresco de cola 0% azúcar SIN CAFEÍNA botella 2 l","name":"refresco de cola 0% azúcar SIN CAFEÍNA botella 2 l","brand":"PEPSI LIGHT ","img":"https://sgfm.elcorteingles.es/SGFM/dctm/MEDIA02/CONTENIDOS/201509/22/00118622600072____1__600x600.jpg","price":"1,19 €","price_unit":"(0,60 € / Litro)","categories":["Supermercado","Bebidas","Agua, Refrescos y Zumos","Refrescos y gaseosa","Refresco cola botella","PEPSI LIGHT refresco de cola 0% azúcar SIN CAFEÍNA botella 2 l"],"general_information":["Denominación del alimento: Bebida refrescante aromatizada con edulcorantes","Nombre del operador: Compañía de Bebidas Pepsico, s.l.","Dirección del operador: Avda. de los Olmos, 2, 01013 - Vitoria","Cantidad Neta: 2.25 Litros"],"ingredients":[" Agua carbonatada, colorante: E-150d, acidulantes: E-338 y E-330, edulcorantes: aspartamo y acesulfamo K, conservador: E-211, extractos y aromas naturales. Contiene una fuente de fenilalanina"],"conservation":" Proteger de la luz solar y de olores agresivos. No congelar. Conservar en lugar limpio, fresco y seco. Evitar el contacto directo con el suelo.","ean":"4060800149145"},{"full_name":"PEPSI MAX Zero Ázucar refresco de cola pack 2 botella 2 l","name":"Zero Ázucar refresco de cola pack 2 botella 2 l","brand":"PEPSI MAX ","img":"https://sgfm.elcorteingles.es/SGFM/dctm/MEDIA03/201702/13/00118622400275____3__600x600.jpg","price":"2,35 €","price_unit":"(0,59 € / Litro)","categories":["Supermercado","Bebidas","Agua, Refrescos y Zumos","Refrescos y gaseosa","Refresco cola botella","PEPSI MAX Zero Ázucar refresco de cola pack 2 botella 2 l"],"general_information":["Denominación del alimento: Bebida refrescante aromatizada con edulcorantes.","Nombre del operador: Compañía de Bebidas Pepsico, s.l.","Dirección del operador: Avda. de los Olmos, 2, 01013 - Vitoria","Cantidad Neta: 4 Litros"],"ingredients":[" Agua carbonatada, colorante: E-150d, correctores de acidez: E-338, E-331 y E-330, edulcorantes: aspartamo y acesulfamo K, aromas (cafeína, extractos y aromas naturales). Contiene una fuente de fenilalanina."],"conservation":" Proteger del sol. No congelar. Conservar en lugar limpio, fresco y seco.","ean":"4060800162465"},{"full_name":"PEPSI MAX Zero Ázucar refresco de cola botella 2 l","name":"Zero Ázucar refresco de cola botella 2 l","brand":"PEPSI MAX ","img":"https://sgfm.elcorteingles.es/SGFM/dctm/MEDIA02/CONTENIDOS/201509/22/00118622400192____1__600x600.jpg","price":"1,19 €","price_unit":"(0,60 € / Litro)","categories":["Supermercado","Bebidas","Agua, Refrescos y Zumos","Refrescos y gaseosa","Refresco cola botella","PEPSI MAX Zero Ázucar refresco de cola botella 2 l"],"general_information":["Denominación del alimento: Bebida refrescante aromatizada con edulcorantes.","Nombre del operador: Compañía de Bebidas Pepsico, S.L.","Dirección del operador: Avda. de los Olmos, 2, 01013 - Vitoria","Cantidad Neta: 2 Litros"],"ingredients":[" Agua carbonatada, colorante: E-150d, correctores de acidez: E-338, E-331 y E-330, edulcorantes: aspartamo y acesulfamo K, aromas (cafeína, extractos y aromas naturales). Contiene una fuente de fenilalanina."],"conservation":" Proteger del sol. No congelar. Conservar en lugar limpio, fresco y seco.","ean":"4060800105295"},{"full_name":"PEPSI refresco de cola SIN CAFEÍNA botella 2 l","name":"refresco de cola SIN CAFEÍNA botella 2 l","brand":"PEPSI ","img":"https://sgfm.elcorteingles.es/SGFM/dctm/MEDIA02/CONTENIDOS/201509/22/00118622600106____1__600x600.jpg","price":"1,19 €","price_unit":"(0,60 € / Litro)","categories":["Supermercado","Bebidas","Agua, Refrescos y Zumos","Refrescos y gaseosa","Refresco cola botella","PEPSI refresco de cola SIN CAFEÍNA botella 2 l"],"general_information":["Denominación del alimento: Bebida refrescante de extractos","Nombre del operador: Compañía de Bebidas Pepsico, s.l.","Dirección del operador: Avda. de los Olmos, 2, 01013 - Vitoria","Cantidad Neta: 2 Litros"],"ingredients":[" Agua carbonatada, azúcar, colorante: E-150d, acidulante: E-338, extractos y aromas naturales."],"conservation":" Proteger de la luz solar y de olores agresivos. No congelar. Conservar en lugar limpio, fresco y seco. Evitar el contacto directo con el suelo.","ean":"0000087177275"},{"full_name":"LA CASERA refresco de cola botella 1,5 l","name":"refresco de cola botella 1,5 l","brand":"LA CASERA ","img":"https://sgfm.elcorteingles.es/SGFM/01/43/8/0118610201438/0118610201438000g01011.jpg","price":"0,84 €            ","price_unit":"(0,53 € / Litro)","categories":["Supermercado","Bebidas","Agua, Refrescos y Zumos","Refrescos y gaseosa","Refresco cola botella","LA CASERA refresco de cola botella 1,5 l"],"general_information":["Denominación del alimento: Bebida refrescante aromatizada. Con azúcar y edulcorantes.","Nombre del operador: Schweppes, S.A. \"Envasado con licencia de schweppes international limited.\"","Dirección del operador: Pº Castellana 202, 28046 Madrid","Cantidad Neta: 1.5 Litros"],"ingredients":[" Agua carbonatada, azúcar, colorante: E-150d, acidulantes: E-338 y E-330, edulcorantes: E-952, E-950 y E-954, aroma cafeína, aromas naturales."],"conservation":" Mantener en lugar fresco y seco. Proteger de la luz solar y de olores intensos.","ean":"8410283318259"},{"full_name":"INDI & CO refresco de cola con gas Pack 4 botellas 20 cl","name":"refresco de cola con gas Pack 4 botellas 20 cl","brand":"INDI & CO ","img":"https://sgfm.elcorteingles.es/SGFM/dctm/MEDIA02/CONTENIDOS/201411/28/00118620100877____1__600x600.jpg","price":"6,00 €","price_unit":"(30 € / Litro)","categories":["Supermercado","Bebidas","Agua, Refrescos y Zumos","Refrescos y gaseosa","Refresco cola botella","INDI & CO refresco de cola con gas Pack 4 botellas 20 cl"],"general_information":["Denominación del alimento: Bebida carbonatada refrescante de estractos cola y violeta","Nombre del operador: Casalbor, S.L.U.","Dirección del operador: Torneo Parque Empresaria, nº 2, C/ Arquitectura, Torre 11, Planta 6ª, Módulo 11 - 41015 Sevilla, España","Cantidad Neta: 80,0 Centilitros","Otras menciones obligatorias en la etiqueta: Sin conservantes ni edulcorantes o colorantes artificiales."],"ingredients":[" Agua carbonatada, azúcar,extractos de nuez de cola (incluyendo cafeína), limón, lima y violeta. Ácido cítrico, ácido fosfórico, color natural de caramelo. Contiene E-150d."],"ean":"8437009934296"},{"full_name":"ALIADA refresco de naranja 8% zumo lata 33 cl","name":"refresco de naranja 8% zumo lata 33 cl","brand":"ALIADA ","img":"https://sgfm.elcorteingles.es/SGFM/dctm/MEDIA03/201610/05/00118611601065____2__600x600.jpg","price":"0,28 €","price_unit":"(0,85 € / Litro)","categories":["Supermercado","Bebidas","Agua, Refrescos y Zumos","Refrescos y gaseosa","Refresco naranja lata","ALIADA refresco de naranja 8% zumo lata 33 cl"],"general_information":["Denominación del alimento: BEBIDA REFRESCANTE DE ZUMO DE FRUTAS.CON AZÚCARES Y EDULCORANTE","Nombre del operador: Elaborado para\nEl  Grupo El Corte Inglés\nHermosilla, 112 - 28009 Madrid ? España \npor CIF A-83745695","Número de raciones por envase: 1"],"ingredients":[" Ingredientes: AGUA CARBONATADA, ZUMO DE NARANJA A PARTIR DE CONCENTRADO (8%), AZÚCAR, JARABE DE GLUCOSA Y FRUCTOSA, ACIDULANTE (E-330), CONSERVADOR (E-202), AROMA NATURAL DE NARANJA, ANTIOXIDANTE (E-300), ESTABILIZANTES(E-440, E-410), EDULCORANTE (E-955), COLORANTE (E-160a)."],"conservation":" Conservar alejado de la luz solar y de olores agresivos.","ean":"8433329063180"},{"full_name":"FANTA refresco de naranja con gas pack 9 latas 33 cl","name":"refresco de naranja con gas pack 9 latas 33 cl","brand":"FANTA ","img":"https://sgfm.elcorteingles.es/SGFM/dctm/MEDIA03/201705/23/00118611601123____2__600x600.jpg","price":"3,87 €","price_unit":"(1,30 € / Litro)","categories":["Supermercado","Bebidas","Agua, Refrescos y Zumos","Refrescos y gaseosa","Refresco naranja lata","FANTA refresco de naranja con gas pack 9 latas 33 cl"],"general_information":["Denominación del alimento: Bebida refrescante de zumo de frutas. con azúcares y edulcorantes","Nombre del operador: Coca-Cola European Partners Iberia, S.L.U.","Dirección del operador: C/Ribera del Loira 20-22, 28042 - Madrid (España).","Cantidad Neta: 9 Unidad"],"ingredients":[" Agua carbonatada, 8% zumo de naranja a partir de concentrado, azúcar(Z) o jarabe de glucosa-fructosa (J) (LEYENDA*), acidulantes: ácido cítrico y ácido málico, estabilizantes: E-414, E-444 y E-445, conservador E-202, edulcorantes: E-950 y aspartamo, antioxidante ácido ascórbico, aromas naturales de naranja y otros aromas naturales y colorante E-160a. Contiene una fuente de fenilalanina. *LEYENDA: entre paréntesis se pondrá leer la siguiente leyenda dependiendo del envase: LATAS: ver código impreso en la base PET, VIDRIO: ver código impreso en el envase o tapón"],"ean":"5449000187970"},{"full_name":"FANTA refresco de naranja lata 33 cl","name":"refresco de naranja lata 33 cl","brand":"FANTA ","img":"https://sgfm.elcorteingles.es/SGFM/dctm/MEDIA03/201710/20/00118611600216____7__600x600.jpg","price":"0,44 €","price_unit":"(1,33 € / Litro)","categories":["Supermercado","Bebidas","Agua, Refrescos y Zumos","Refrescos y gaseosa","Refresco naranja lata","FANTA refresco de naranja lata 33 cl"],"general_information":["Denominación del alimento: Bebida refrescante de zumo de frutas. con azúcares y edulcorantes","Nombre del operador: Coca-Cola European Partners Iberia, S.L.U.","Dirección del operador: C/Ribera del Loira 20-22, 28042 - Madrid (España).","Cantidad Neta: 0.33 Litros"],"ingredients":[" Agua carbonatada, 8% zumo de naranja a partir de concentrado, azúcar(Z) o jarabe de glucosa-fructosa (J) (LEYENDA*), acidulantes: ácido cítrico y ácido málico, estabilizantes: E-414, E-444 y E-445, conservador E-202, edulcorantes: E-950 y aspartamo, antioxidante ácido ascórbico, aromas naturales de naranja y otros aromas naturales y colorante E-160a. Contiene una fuente de fenilalanina. *LEYENDA: entre paréntesis se pondrá leer la siguiente leyenda dependiendo del envase: LATAS: ver código impreso en la base PET, VIDRIO: ver código impreso en el envase o tapón"],"ean":"5449000011527"},{"full_name":"FANTA Zero naranja  pack 6 lata 33 cl","name":"Zero naranja  pack 6 lata 33 cl","brand":"FANTA ","img":"https://sgfm.elcorteingles.es/SGFM/dctm/MEDIA02/CONTENIDOS/201408/28/00118611601230____1__600x600.jpg","price":"2,64 €","price_unit":"(8 € / Litro)","categories":["Supermercado","Bebidas","Agua, Refrescos y Zumos","Refrescos y gaseosa","Refresco naranja lata","FANTA Zero naranja  pack 6 lata 33 cl"],"general_information":["Denominación del alimento: Bebida refrescante de zumo de frutas. sin azúcares añadidos. con edulcorantes","Nombre del operador: Coca-Cola European Partners Iberia, S.L.U.","Dirección del operador: C/Ribera del Loira 20-22, 28042 - Madrid (España).","Cantidad Neta: 6 Unidad"],"ingredients":[" Agua carbonatada, 7% zumo de naranja a partir de concentrado, acidulantes: E-330 y E-296, edulcorantes: E-950, aspartamo y E-955, corrector de acidez E-331, conservador E-202, aromas naturales de naranja y otros aromas naturales, antioxidante E-300, estabilizante E-412 y colorante betacaroteno. Contiene una fuente de fenilalanina."],"ean":"5449000120977"},{"full_name":"FANTA Zero refresco de naranja sin azúcar lata 33 cl","name":"Zero refresco de naranja sin azúcar lata 33 cl","brand":"FANTA ","img":"https://sgfm.elcorteingles.es/SGFM/dctm/MEDIA03/201705/23/00118611600158____1__600x600.jpg","price":"0,44 €","price_unit":"(1,33 € / Litro)","categories":["Supermercado","Bebidas","Agua, Refrescos y Zumos","Refrescos y gaseosa","Refresco naranja lata","FANTA Zero refresco de naranja sin azúcar lata 33 cl"],"general_information":["Denominación del alimento: Bebida refrescante de zumo de frutas. sin azúcares añadidos. con edulcorantes","Nombre del operador: Coca-Cola European Partners Iberia, S.L.U.","Dirección del operador: C/Ribera del Loira 20-22, 28042 - Madrid (España).","Cantidad Neta: 0.33 Litros"],"ingredients":[" Agua carbonatada, 7% zumo de naranja a partir de concentrado, acidulantes: E-330 y E-296, edulcorantes: E-950, aspartamo y E-955, corrector de acidez E-331, conservador E-202, aromas naturales de naranja y otros aromas naturales, antioxidante E-300, estabilizante E-412 y colorante betacaroteno. Contiene una fuente de fenilalanina."],"ean":"5449000120960"},{"full_name":"TRINA naranja sin burbujas pack ahorro 6 latas 33 cl","name":"naranja sin burbujas pack ahorro 6 latas 33 cl","brand":"TRINA ","img":"https://sgfm.elcorteingles.es/SGFM/dctm/MEDIA02/CONTENIDOS/201505/26/00118611100530____1__600x600.jpg","price":"3,11 €","price_unit":"(9,42 € / Litro)","categories":["Supermercado","Bebidas","Agua, Refrescos y Zumos","Refrescos y gaseosa","Refresco naranja lata","TRINA naranja sin burbujas pack ahorro 6 latas 33 cl"],"general_information":["Denominación del alimento: Bebida refrescante de zumo de frutas.","Nombre del operador: Schweppes, S.A. \"Envasado con licencia de schweppes international limited.\"","Dirección del operador: Pº Castellana 202, 28046 Madrid","Cantidad Neta: 198 Centilitros","Otras menciones obligatorias en la etiqueta: 10% de zumo."],"ingredients":[" Agua, zumo de naranja a partir de concentrado (10%), jarabe de glucosa y fructosa, azúcar, acidulante: ácido cítrico, aroma natural de naranja con otros aromas naturales, colorante: carotenos, estabilizante: pectina, vitamina C."],"conservation":" Mantener en lugar fresco y seco. Proteger de la luz solar y de olores intensos. Una vez abierto conservar en frío.","ean":"8411800309651"},{"full_name":"TRINA naranja sin burbujas lata 33 cl","name":"naranja sin burbujas lata 33 cl","brand":"TRINA ","img":"https://sgfm.elcorteingles.es/SGFM/dctm/MEDIA02/CONTENIDOS/201505/26/00118611100324____2__600x600.jpg","price":"0,56 €            ","price_unit":"(1,67 € / Litro)","categories":["Supermercado","Bebidas","Agua, Refrescos y Zumos","Refrescos y gaseosa","Refresco naranja lata","TRINA naranja sin burbujas lata 33 cl"],"general_information":["Denominación del alimento: Bebida refrescante de zumo de frutas.","Nombre del operador: Schweppes, S.A. \"Envasado con licencia de schweppes international limited.\"","Dirección del operador: Pº Castellana 202, 28046 Madrid","Cantidad Neta: 33 Centilitros","Otras menciones obligatorias en la etiqueta: 10% de zumo."],"ingredients":[" Agua, zumo de naranja a partir de concentrado (10%), jarabe de glucosa y fructosa, azúcar, acidulante: ácido cítrico, aroma natural de naranja con otros aromas naturales, colorante: carotenos, estabilizante: pectina, vitamina C."],"conservation":" Mantener en lugar fresco y seco. Proteger de la luz solar y de olores intensos. Una vez abierto conservar en frío.","ean":"8411800318950"},{"full_name":"TRINA naranja sin burbujas sin azúcar lata 33 cl","name":"naranja sin burbujas sin azúcar lata 33 cl","brand":"TRINA ","img":"https://sgfm.elcorteingles.es/SGFM/dctm/MEDIA02/CONTENIDOS/201505/26/00118611100332____1__600x600.jpg","price":"0,55 €","price_unit":"(1,67 € / Litro)","categories":["Supermercado","Bebidas","Agua, Refrescos y Zumos","Refrescos y gaseosa","Refresco naranja lata","TRINA naranja sin burbujas sin azúcar lata 33 cl"],"general_information":["Denominación del alimento: Bebida refrescante de zumo de frutas. Con edulcorantes.","Nombre del operador: Schweppes, S.A. \"Envasado con licencia de schweppes international limited.\"","Dirección del operador: Pº Castellana 202, 28046 Madrid","Cantidad Neta: 33 Centilitros","Otras menciones obligatorias en la etiqueta: 10% de zumo."],"ingredients":[" Agua, zumo de naranja a partir de concentrado (10%), reguladores de acidez: ácido cítrico y citrato sódico, aromas naturales, edulcorantes: E-952 y E-955, estabilizante: pectina, colorante: carotenos."],"conservation":" Mantener en lugar fresco y seco. Proteger de la luz solar y de olores intensos. Una vez abierto conservar en frío.","ean":"8411800319452"},{"full_name":"KAS naranja pack ahorro 9 latas 33 cl","name":"naranja pack ahorro 9 latas 33 cl","brand":"KAS ","img":"https://sgfm.elcorteingles.es/SGFM/01/09/9/0118611601099/0118611601099000g01011.jpg","price":"3,38 €","price_unit":"(1,14 € / Litro)","categories":["Supermercado","Bebidas","Agua, Refrescos y Zumos","Refrescos y gaseosa","Refresco naranja lata","KAS naranja pack ahorro 9 latas 33 cl"],"general_information":["Denominación del alimento: Bebida refrescante de zumo de fruta con azúcares y edulcorante","Nombre del operador: Compañía de Bebidas Pepsico, S.L.","Dirección del operador: Avda. de los Olmos, 2, 01013 - Vitoria","Cantidad Neta: 2970 Mililitros"],"ingredients":[" Agua carbonatada, jarabe de glucosa y fructosa, zumo de naranja a partir de concentrado 8%, acidulante: E-330, estabilizantes: E-414 y E-445, aroma natural de naranja, antioxidante: E-300, conservador: E-202, edulcorante: E-955, colorante: E-160a."],"conservation":" Proteger de la luz solar y de olores agresivos. No congelar. Conservar en lugar limpio, fresco y seco. Evitar el contacto directo con el suelo.","ean":"8410408095102"},{"full_name":"KAS naranja lata 33 cl","name":"naranja lata 33 cl","brand":"KAS ","img":"https://sgfm.elcorteingles.es/SGFM/dctm/MEDIA02/CONTENIDOS/201509/22/00118611600166____1__600x600.jpg","price":"0,44 €","price_unit":"(1,33 € / Litro)","categories":["Supermercado","Bebidas","Agua, Refrescos y Zumos","Refrescos y gaseosa","Refresco naranja lata","KAS naranja lata 33 cl"],"general_information":["Denominación del alimento: Bebida refrescante de zumo de fruta con azúcares y edulcorante # En Canarias: Bebida refrescante de zumo de fruta","Nombre del operador: Compañía de Bebidas Pepsico, S.L.","Dirección del operador: Avda. de los Olmos, 2, 01013 - Vitoria","Cantidad Neta: 330 Mililitros"],"ingredients":[" Agua carbonatada, jarabe de glucosa y fructosa, zumo de naranja a partir de concentrado 8%, acidulante: E-330, estabilizantes: E-414 y E-445, aroma natural de naranja, antioxidante: E-300, conservador: E-202, edulcorante: E-955, colorante: E-160a.En Canarias: Agua carbonatada, azúcar, zumo de naranja a partir de concentrado 8%, acidulante: E-330, estabilizantes: E-414 y E-445, aroma natural de naranja, antioxidante: E-300, conservador: E-202, colorante: E-160a."],"conservation":" Proteger de la luz solar y de olores agresivos. No congelar. Conservar en lugar limpio, fresco y seco. Evitar el contacto directo con el suelo.","ean":"8410408050231"},{"full_name":"KAS Zero naranja lata 33 cl","name":"Zero naranja lata 33 cl","brand":"KAS ","img":"https://sgfm.elcorteingles.es/SGFM/dctm/MEDIA02/CONTENIDOS/201509/22/00118611601164____1__600x600.jpg","price":"0,44 €            ","price_unit":"(1,27 € / Litro)","categories":["Supermercado","Bebidas","Agua, Refrescos y Zumos","Refrescos y gaseosa","Refresco naranja lata","KAS Zero naranja lata 33 cl"],"general_information":["Denominación del alimento: Bebida refrescante de zumo de fruta con edulcorantes, sin azúcares añadidos","Nombre del operador: Compañía de Bebidas Pepsico, S.L.","Dirección del operador: Avda. de los Olmos, 2, 01013 - Vitoria","Cantidad Neta: 330 Mililitros"],"ingredients":[" Agua carbonatada, zumo de naranja a partir de concentrado 8%, acidulante: E-330, aroma natural de naranja, estabilizantes: E-414 y E-445, edulcorantes: E-950 y E-955, antioxidante: E-300, conservador: E-202, colorante: E-160a."],"conservation":" Proteger de la luz solar y de olores agresivos. No congelar. Conservar en lugar limpio, fresco y seco. Evitar el contacto directo con el suelo.","ean":"8410408011874"},{"full_name":"SCHWEPPES refresco de naranja original lata 33 cl","name":"refresco de naranja original lata 33 cl","brand":"SCHWEPPES ","img":"https://sgfm.elcorteingles.es/SGFM/dctm/MEDIA02/CONTENIDOS/201506/22/00118611600737____1__600x600.jpg","price":"0,66 €","price_unit":"(2 € / Litro)","categories":["Supermercado","Bebidas","Agua, Refrescos y Zumos","Refrescos y gaseosa","Refresco naranja lata","SCHWEPPES refresco de naranja original lata 33 cl"],"general_information":["Denominación del alimento: Bebida refrescante de extractos, de valor energético reducido. Con azúcares y edulcorantes.","Nombre del operador: Schweppes, S.A. \"Envasado con licencia de schweppes international limited.\"","Dirección del operador: Pº Castellana 202, 28046 Madrid","Cantidad Neta: 33 Centilitros"],"ingredients":[" Agua, jarabe de glucosa y fructosa, azúcar, extractos de naranja (1,7%), anhídrido carbónico, acidulante: ácido cítrico, aromas naturales de naranja, estabilizantes: E-414 y E-445, antioxidante: E-300, conservador: E-202, edulcorantes: E-950 y E-955, colorante: carotenos."],"conservation":" Mantener en lugar fresco y seco. Proteger de la luz solar y de olores intensos.","ean":"8414100301851"},{"full_name":"SAN PELLEGRINO naranjada con gas lata 33 cl","name":"naranjada con gas lata 33 cl","brand":"SAN PELLEGRINO ","img":"https://sgfm.elcorteingles.es/SGFM/dctm/MEDIA03/201606/22/00118631900950____2__600x600.jpg","price":"0,89 €","price_unit":"(2,70 € / Litro)","categories":["Supermercado","Bebidas","Agua, Refrescos y Zumos","Refrescos y gaseosa","Refresco naranja lata","SAN PELLEGRINO naranjada con gas lata 33 cl"],"general_information":["Denominación del alimento: Bebida Refrescante","Nombre del operador: NESTLÉ ESPAÑA, S.A.","Dirección del operador: Edificio Nestlé, 08950 Esplugues de Llobregat (Barcelona)","Cantidad Neta: 330 Mililitros"],"ingredients":[" Agua, Zumo de naranja procedente de concentrato (18%), Azúcar, Ácido Carbónico, Acidulante: Ácido Cítrico, Aroma Natural de Naranja"],"conservation":" Conservar en lugar limpio, fresco y seco, proteger de la luz solar y evitar la congelación","ean":"8002270816475"},{"full_name":"LA CASERA refresco sabor naranja cero azúcares añadidos lata 33 cl","name":"refresco sabor naranja cero azúcares añadidos lata 33 cl","brand":"LA CASERA ","img":"https://sgfm.elcorteingles.es/SGFM/00/30/7/0118611600307/0118611600307000g01011.jpg","price":"0,37 €","price_unit":"(1,12 € / Litro)","categories":["Supermercado","Bebidas","Agua, Refrescos y Zumos","Refrescos y gaseosa","Refresco naranja lata","LA CASERA refresco sabor naranja cero azúcares añadidos lata 33 cl"],"general_information":["Denominación del alimento: Bebida refrescante aromatizada. Con edulcorantes.","Nombre del operador: Schweppes, S.A. \"Envasado con licencia de schweppes international limited.\"","Dirección del operador: Pº Castellana 202, 28046 Madrid","Cantidad Neta: 33 Centilitros"],"ingredients":[" Agua carbonatada, zumo de naranja a partir de concentrado, reguladores de acidez: ácido cítrico y E-331iii, edulcorantes: E-952, E-954 y E-955, antioxidante: ácido ascórbico, estabilizantes: E-414 y E-445, conservador: E-211, aromas, colorantes: carotenos y E-160e."],"conservation":" Mantener en lugar fresco y seco. Proteger de la luz solar y de olores intensos.","ean":"8410283303552"},{"full_name":"ALIADA refresco de naranja 8% zumo botella 2 l","name":"refresco de naranja 8% zumo botella 2 l","brand":"ALIADA ","img":"https://sgfm.elcorteingles.es/SGFM/dctm/MEDIA03/201610/17/00118611601057____10__600x600.jpg","price":"0,66 €","price_unit":"(0,33 € / Litro)","categories":["Supermercado","Bebidas","Agua, Refrescos y Zumos","Refrescos y gaseosa","Refresco naranja botella","ALIADA refresco de naranja 8% zumo botella 2 l"],"general_information":["Denominación del alimento: BEBIDA REFRESCANTE DE ZUMO DE FRUTAS.CON AZÚCARES Y EDULCORANTE","Nombre del operador: Elaborado para\nEl  Grupo El Corte Inglés\nHermosilla, 112 - 28009 Madrid ? España \npor CIF A-83745695","Número de raciones por envase: 10"],"ingredients":[" Ingredientes: Agua carbonatada, zumo de naranja a partir de concentrado (8%), azúcar, jarabe de glucosa y fructosa, acidulante (E-330), conservador (E-202), aroma natural de naranja, antioxidante (E-300), estabilizantes (E-440, E-410), edulcorante (E-955), colorante (E-160a)."],"conservation":" Conservar alejado de la luz solar y de olores agresivos. Una vez abierto, mantener en el frigorífico y consumir en el plazo de 3 días.","ean":"8433329063173"},{"full_name":"ALIADA refresco naranja sin gas botella 1,5 l","name":"refresco naranja sin gas botella 1,5 l","brand":"ALIADA ","img":"https://sgfm.elcorteingles.es/SGFM/dctm/MEDIA03/201609/02/00118611100480____1__600x600.jpg","price":"0,82 €","price_unit":"(0,55 € / Litro)","categories":["Supermercado","Bebidas","Agua, Refrescos y Zumos","Refrescos y gaseosa","Refresco naranja botella","ALIADA refresco naranja sin gas botella 1,5 l"],"general_information":["Denominación del alimento: BEBIDA REFRESCANTE DE ZUMO DE FRUTAS. CON AZÚCARES Y EDULCORANTE.","Nombre del operador: Elaborado para\nEl  Grupo El Corte Inglés\nHermosilla, 112 - 28009 Madrid ? España \npor CIF A-83745695","Número de raciones por envase: aproximadament"],"ingredients":[" Ingredientes: Agua, zumo de naranja a partir de concentrado (10%), azúcar, jarabe de glucosa y fructosa, acidulante (E-330), aromas,  antioxidante (E-300), estabilizantes (E-440, E-410), edulcorante (sucralosa), colorante (E-160a ii)."],"conservation":" Conservar alejado de la luz solar y de olores agresivos. Una vez abierto, mantener en el frigorífico y consumir en el plazo de 3 días.","ean":"8433329063210"},{"full_name":"FANTA refresco naranja pack 2 botellas 2 l","name":"refresco naranja pack 2 botellas 2 l","brand":"FANTA ","img":"https://sgfm.elcorteingles.es/SGFM/dctm/MEDIA03/201705/23/00118611600372____3__600x600.jpg","price":"2,42 €","price_unit":"(0,60 € / Litro)","categories":["Supermercado","Bebidas","Agua, Refrescos y Zumos","Refrescos y gaseosa","Refresco naranja botella","FANTA refresco naranja pack 2 botellas 2 l"],"general_information":["Denominación del alimento: Bebida refrescante de zumo de frutas. con azúcares y edulcorantes","Nombre del operador: Coca-Cola European Partners Iberia, S.L.U.","Dirección del operador: C/Ribera del Loira 20-22, 28042 - Madrid (España).","Cantidad Neta: 2 Unidad"],"ingredients":[" Agua carbonatada, 8% zumo de naranja a partir de concentrado, azúcar(Z) o jarabe de glucosa-fructosa (J) (LEYENDA*), acidulantes: ácido cítrico y ácido málico, estabilizantes: E-414, E-444 y E-445, conservador E-202, edulcorantes: E-950 y aspartamo, antioxidante ácido ascórbico, aromas naturales de naranja y otros aromas naturales y colorante E-160a. Contiene una fuente de fenilalanina. *LEYENDA: entre paréntesis se pondrá leer la siguiente leyenda dependiendo del envase: LATAS: ver código impreso en la base PET, VIDRIO: ver código impreso en el envase o tapón"],"ean":"5449000059390"},{"full_name":"FANTA refresco de naranja botella 2 l","name":"refresco de naranja botella 2 l","brand":"FANTA ","img":"https://sgfm.elcorteingles.es/SGFM/dctm/MEDIA03/201705/23/00118611600331____3__600x600.jpg","price":"1,14 €","price_unit":"(0,57 € / Litro)","categories":["Supermercado","Bebidas","Agua, Refrescos y Zumos","Refrescos y gaseosa","Refresco naranja botella","FANTA refresco de naranja botella 2 l"],"general_information":["Denominación del alimento: Bebida refrescante de zumo de frutas. con azúcares y edulcorantes","Nombre del operador: Coca-Cola European Partners Iberia, S.L.U.","Dirección del operador: C/Ribera del Loira 20-22, 28042 - Madrid (España).","Cantidad Neta: 2 Litros"],"ingredients":[" Agua carbonatada, 8% zumo de naranja a partir de concentrado, azúcar(Z) o jarabe de glucosa-fructosa (J) (LEYENDA*), acidulantes: ácido cítrico y ácido málico, estabilizantes: E-414, E-444 y E-445, conservador E-202, edulcorantes: E-950 y aspartamo, antioxidante ácido ascórbico, aromas naturales de naranja y otros aromas naturales y colorante E-160a. Contiene una fuente de fenilalanina. *LEYENDA: entre paréntesis se pondrá leer la siguiente leyenda dependiendo del envase: LATAS: ver código impreso en la base PET, VIDRIO: ver código impreso en el envase o tapón"],"ean":"5449000004840"},{"full_name":"FANTA Zero naranja botella 2 l","name":"Zero naranja botella 2 l","brand":"FANTA ","img":"https://sgfm.elcorteingles.es/SGFM/dctm/MEDIA03/201705/23/00118611600265____3__600x600.jpg","price":"1,23 €            ","price_unit":"(0,50 € / Litro)","categories":["Supermercado","Bebidas","Agua, Refrescos y Zumos","Refrescos y gaseosa","Refresco naranja botella","FANTA Zero naranja botella 2 l"],"general_information":["Denominación del alimento: Bebida refrescante de zumo de frutas. sin azúcares añadidos. con edulcorantes","Nombre del operador: Coca-Cola European Partners Iberia, S.L.U.","Dirección del operador: C/Ribera del Loira 20-22, 28042 - Madrid (España).","Cantidad Neta: 2 Litros"],"ingredients":[" Agua carbonatada, 7% zumo de naranja a partir de concentrado, acidulantes: E-330 y E-296, edulcorantes: E-950, aspartamo y E-955, corrector de acidez E-331, conservador E-202, aromas naturales de naranja y otros aromas naturales, antioxidante E-300, estabilizante E-412 y colorante betacaroteno. Contiene una fuente de fenilalanina."],"ean":"5449000120984"},{"full_name":"FANTA refresco de naranja botella 50 cl","name":"refresco de naranja botella 50 cl","brand":"FANTA ","img":"https://sgfm.elcorteingles.es/SGFM/dctm/MEDIA03/201705/23/00118611600323____2__600x600.jpg","price":"0,78 €","price_unit":"(1,56 € / Litro)","categories":["Supermercado","Bebidas","Agua, Refrescos y Zumos","Refrescos y gaseosa","Refresco naranja botella","FANTA refresco de naranja botella 50 cl"],"general_information":["Denominación del alimento: Bebida refrescante de zumo de frutas. con azúcares y edulcorantes","Nombre del operador: Coca-Cola European Partners Iberia, S.L.U.","Dirección del operador: C/Ribera del Loira 20-22, 28042 - Madrid (España).","Cantidad Neta: 0.5 Litros"],"ingredients":[" Agua carbonatada, 8% zumo de naranja a partir de concentrado, azúcar(Z) o jarabe de glucosa-fructosa (J) (LEYENDA*), acidulantes: ácido cítrico y ácido málico, estabilizantes: E-414, E-444 y E-445, conservador E-202, edulcorantes: E-950 y aspartamo, antioxidante ácido ascórbico, aromas naturales de naranja y otros aromas naturales y colorante E-160a. Contiene una fuente de fenilalanina. *LEYENDA: entre paréntesis se pondrá leer la siguiente leyenda dependiendo del envase: LATAS: ver código impreso en la base PET, VIDRIO: ver código impreso en el envase o tapón"],"ean":"0000040822938"},{"full_name":"FANTA refresco de naranja sin gas botella 1,5 l","name":"refresco de naranja sin gas botella 1,5 l","brand":"FANTA ","img":"https://sgfm.elcorteingles.es/SGFM/dctm/MEDIA03/201705/23/00118611100415____1__600x600.jpg","price":"1,10 €","price_unit":"(0,73 € / Litro)","categories":["Supermercado","Bebidas","Agua, Refrescos y Zumos","Refrescos y gaseosa","Refresco naranja botella","FANTA refresco de naranja sin gas botella 1,5 l"],"general_information":["Denominación del alimento: Bebida refrescante de zumo de frutas","Nombre del operador: Coca-Cola European Partners Iberia, S.L.U.","Dirección del operador: C/Ribera del Loira 20-22, 28042 - Madrid (España).","Cantidad Neta: 1.5 Litros"],"ingredients":[" Agua, azúcar, 8% zumo de frutas a partir de concentrado (6% naranja y 2% limón), acidulante ácido cítrico, extractos de zanahoria y calabaza, estabilizantes: E-466 y E-412, aromas naturales de naranja y otros aromas naturales, antioxidante ácido ascórbico."],"ean":"5449000010995"},{"full_name":"TRINA refresco de naranja sin burbujas botella 1,5 l","name":"refresco de naranja sin burbujas botella 1,5 l","brand":"TRINA ","img":"https://sgfm.elcorteingles.es/SGFM/dctm/MEDIA03/201606/13/00118611100266____2__600x600.jpg","price":"1,39 €","price_unit":"(0 € / Litro)","categories":["Supermercado","Bebidas","Agua, Refrescos y Zumos","Refrescos y gaseosa","Refresco naranja botella","TRINA refresco de naranja sin burbujas botella 1,5 l"],"general_information":["Denominación del alimento: Bebida refrescante de zumo de frutas.","Nombre del operador: Schweppes, S.A. \"Envasado con licencia de schweppes international limited.\"","Dirección del operador: Pº Castellana 202, 28046 Madrid","Cantidad Neta: 1.5 Litros","Otras menciones obligatorias en la etiqueta: 10% de zumo."],"ingredients":[" Agua, zumo de naranja a partir de concentrado (10%), jarabe de glucosa y fructosa, azúcar, acidulante: ácido cítrico, aroma natural de naranja con otros aromas naturales, colorante: carotenos, estabilizante: pectina, vitamina C."],"conservation":" Mantener en lugar fresco y seco. Proteger de la luz solar y de olores intensos. Una vez abierto conservar en frío.","ean":"8411800376455"},{"full_name":"TRINA Zero refresco de naranja sin burbujas sin azúcares añadidos botella 1,5 l","name":"Zero refresco de naranja sin burbujas sin azúcares añadidos botella 1,5 l","brand":"TRINA ","img":"https://sgfm.elcorteingles.es/SGFM/dctm/MEDIA03/201606/13/00118611100548____2__600x600.jpg","price":"1,39 €","price_unit":"(0 € / Litro)","categories":["Supermercado","Bebidas","Agua, Refrescos y Zumos","Refrescos y gaseosa","Refresco naranja botella","TRINA Zero refresco de naranja sin burbujas sin azúcares añadidos botella 1,5 l"],"general_information":["Denominación del alimento: Bebida refrescante de zumo de frutas. Con edulcorantes.","Nombre del operador: Schweppes, S.A. \"Envasado con licencia de schweppes international limited.\"","Dirección del operador: Pº Castellana 202, 28046 Madrid","Cantidad Neta: 1.5 Litros","Otras menciones obligatorias en la etiqueta: 10% de zumo."],"ingredients":[" Agua, zumo de naranja a partir de concentrado (10%), reguladores de acidez: ácido cítrico y citrato sódico, aromas naturales, edulcorantes: E-952 y E-955, estabilizante: pectina, colorante: carotenos."],"conservation":" Mantener en lugar fresco y seco. Proteger de la luz solar y de olores intensos. Una vez abierto conservar en frío.","ean":"8411800377056"},{"full_name":"TRINA Zero refresco de naranja sin burbujas sin azúcares añadidos botella 27,5 cl","name":"Zero refresco de naranja sin burbujas sin azúcares añadidos botella 27,5 cl","brand":"TRINA ","img":"https://sgfm.elcorteingles.es/SGFM/dctm/MEDIA03/201705/17/00118611100597____1__600x600.jpg","price":"0,60 €","price_unit":"(2,18 € / Litro)","categories":["Supermercado","Bebidas","Agua, Refrescos y Zumos","Refrescos y gaseosa","Refresco naranja botella","TRINA Zero refresco de naranja sin burbujas sin azúcares añadidos botella 27,5 cl"],"general_information":["Denominación del alimento: Bebida refrescante de zumo de frutas. Con edulcorantes.","Nombre del operador: Schweppes, S.A. \"Envasado con licencia de schweppes international limited.\"","Dirección del operador: Pº Castellana 202, 28046 Madrid","Cantidad Neta: 27.5 Centilitros","Otras menciones obligatorias en la etiqueta: 10% de zumo."],"ingredients":[" Agua, zumo de naranja a partir de concentrado (10%), reguladores de acidez: ácido cítrico y citrato sódico, aromas naturales, edulcorantes: E-952 y E-955, estabilizante: pectina, colorante: carotenos."],"conservation":" Mantener en lugar fresco y seco. Proteger de la luz solar y de olores intensos. Una vez abierto conservar en frío.","ean":"8411800353647"},{"full_name":"KAS naranja pack 2 botella 2 l","name":"naranja pack 2 botella 2 l","brand":"KAS ","img":"https://sgfm.elcorteingles.es/SGFM/dctm/MEDIA02/CONTENIDOS/201509/24/00118611600067____1__600x600.jpg","price":"2,35 €","price_unit":"(1,18 € / Litro)","categories":["Supermercado","Bebidas","Agua, Refrescos y Zumos","Refrescos y gaseosa","Refresco naranja botella","KAS naranja pack 2 botella 2 l"],"general_information":["Denominación del alimento: Bebida refrescante de zumo de fruta con azúcares y edulcorante","Nombre del operador: Compañía de Bebidas Pepsico, S.L.","Dirección del operador: Avda. de los Olmos, 2, 01013 - Vitoria","Cantidad Neta: 4 Litros"],"ingredients":[" Agua carbonatada, jarabe de glucosa y fructosa, zumo de naranja a partir de concentrado 8%, acidulante: E-330, estabilizantes: E-414 y E-445, aroma natural de naranja, antioxidante: E-300, conservador: E-202, edulcorante: E-955, colorante: E-160a."],"conservation":" Proteger de la luz solar y de olores agresivos. No congelar. Conservar en lugar limpio, fresco y seco. Evitar el contacto directo con el suelo.","ean":"8410408124833"},{"full_name":"KAS naranja botella 2 l","name":"naranja botella 2 l","brand":"KAS ","img":"https://sgfm.elcorteingles.es/SGFM/dctm/MEDIA02/CONTENIDOS/201509/22/00118611600182____1__600x600.jpg","price":"1,22 €","price_unit":"(0,61 € / Litro)","categories":["Supermercado","Bebidas","Agua, Refrescos y Zumos","Refrescos y gaseosa","Refresco naranja botella","KAS naranja botella 2 l"],"general_information":["Denominación del alimento: Bebida refrescante de zumo de fruta con azúcares y edulcorante","Nombre del operador: Compañía de Bebidas Pepsico, S.L.","Dirección del operador: Avda. de los Olmos, 2, 01013 - Vitoria","Cantidad Neta: 2 Litros"],"ingredients":[" Agua carbonatada, jarabe de glucosa y fructosa, zumo de naranja a partir de concentrado 8%, acidulante: E-330, estabilizantes: E-414 y E-445, aroma natural de naranja, antioxidante: E-300, conservador: E-202, edulcorante: E-955, colorante: E-160a."],"conservation":" Proteger de la luz solar y de olores agresivos. No congelar. Conservar en lugar limpio, fresco y seco. Evitar el contacto directo con el suelo.","ean":"8410408050354"},{"full_name":"KAS Junior naranja botella 33 cl","name":"Junior naranja botella 33 cl","brand":"KAS ","img":"https://sgfm.elcorteingles.es/SGFM/dctm/MEDIA02/CONTENIDOS/201509/22/00118611600109____1__600x600.jpg","price":"0,54 €","price_unit":"(1,64 € / Litro)","categories":["Supermercado","Bebidas","Agua, Refrescos y Zumos","Refrescos y gaseosa","Refresco naranja botella","KAS Junior naranja botella 33 cl"],"general_information":["Denominación del alimento: Bebida refrescante de zumo de fruta con azúcares y edulcorante","Nombre del operador: Compañía de Bebidas Pepsico S.L.","Dirección del operador: Avda. de los Olmos, 2, 01013 - Vitoria","Cantidad Neta: 330 Mililitros"],"ingredients":[" Agua carbonatada, jarabe de glucosa y fructosa, zumo de naranja a partir de concentrado 8%, acidulante: E-330, estabilizantes: E-414 y E-445, aroma natural de naranja, antioxidante: E-300, conservador: E-202, edulcorante: E-955, colorante: E-160a."],"conservation":" Proteger de la luz solar y de olores agresivos. No congelar. Conservar en lugar limpio, fresco y seco. Evitar el contacto directo con el suelo.","ean":"8410408012901"},{"full_name":"KAS Zero naranja botella 2 l","name":"Zero naranja botella 2 l","brand":"KAS ","img":"https://sgfm.elcorteingles.es/SGFM/dctm/MEDIA02/CONTENIDOS/201509/22/00118611601156____1__600x600.jpg","price":"1,22 €","price_unit":"(0,61 € / Litro)","categories":["Supermercado","Bebidas","Agua, Refrescos y Zumos","Refrescos y gaseosa","Refresco naranja botella","KAS Zero naranja botella 2 l"],"general_information":["Denominación del alimento: Bebida refrescante de zumo de fruta con edulcorantes, sin azúcares añadidos","Nombre del operador: Compañía de Bebidas Pepsico, s.l.","Dirección del operador: Avda. de los Olmos, 2, 01013 - Vitoria","Cantidad Neta: 2 Litros"],"ingredients":[" Agua carbonatada, zumo de naranja a partir de concentrado 8%, acidulante: E-330, aroma natural de naranja, estabilizantes: E-414 y E-445, edulcorantes: E-950 y E-955, antioxidante: E-300, conservador: E-202, colorante: E-160a."],"conservation":" Proteger de la luz solar y de olores agresivos. No congelar. Conservar en lugar limpio, fresco y seco. Evitar el contacto directo con el suelo.","ean":"8410408103708"},{"full_name":"SIMON LIFE mandarina envase 1,5 l","name":"mandarina envase 1,5 l","brand":"SIMON LIFE ","img":"https://sgfm.elcorteingles.es/SGFM/00/11/8/0118827100118/0118827100118000g01011.jpg","price":"1,30 €","price_unit":"(0,87 € / Litro)","categories":["Supermercado","Bebidas","Agua, Refrescos y Zumos","Refrescos y gaseosa","Refresco naranja botella","SIMON LIFE mandarina envase 1,5 l"],"general_information":["Denominación del alimento: Bebida refrescante mixta de zumo de frutas, con azúcar y edulcorantes. Contenido en zumo 10%. Enriquecida con vitaminas A, B6, C y E.","Nombre del operador: J.G.C.,S.A.","Dirección del operador: C/Jorge Juan 73 28009 Madrid (España)","Cantidad Neta: 1.5 Litros","Otras menciones obligatorias en la etiqueta: Sin gas. Sin conservantes."],"ingredients":[" Agua, zumo de frutas 10% (naranja, mandarina y manzana), parcialmente a partir de concentrado, azúcar, acidulante: E-330, aceite vegetal (coco), corrector de la acidez: E-331, emulgente: E-1450, espesantes: E-415 y E-466, aromas, edulcorante: sucralosa, colorantes: E-160e, E-160a y  vitaminas C, E, B6 y A (beta-caroteno)."],"conservation":" Una vez abierto, mantener refrigerado y consumir antes de transcurridos 5 días.","ean":"8410261641423"},{"full_name":"SCHWEPPES refresco de naranja botella 1 l","name":"refresco de naranja botella 1 l","brand":"SCHWEPPES ","img":"https://sgfm.elcorteingles.es/SGFM/01/18/0/0118611601180/0118611601180000g01011.jpg","price":"1,55 €","price_unit":"(1,55 € / Litro)","categories":["Supermercado","Bebidas","Agua, Refrescos y Zumos","Refrescos y gaseosa","Refresco naranja botella","SCHWEPPES refresco de naranja botella 1 l"],"general_information":["Denominación del alimento: Bebida refrescante de extractos, de valor energético reducido. Con azúcares y edulcorantes.","Nombre del operador: Schweppes, S.A. \"Envasado con licencia de schweppes international limited.\"","Dirección del operador: Pº Castellana 202, 28046 Madrid","Cantidad Neta: 1 Litros"],"ingredients":[" Agua, jarabe de glucosa y fructosa, azúcar, extractos de naranja (1,7%), anhídrido carbónico, acidulante: ácido cítrico, aromas naturales de naranja, estabilizantes: E-414 y E-445, antioxidante: E-300, conservador: E-202, edulcorantes: E-950 y E-955, colorante: carotenos."],"conservation":" Mantener en lugar fresco y seco. Proteger de la luz solar y de olores intensos.","ean":"8414100305453"},{"full_name":"LA CASERA refresco de naranja cero azúcares añadidos botella 1,5 l","name":"refresco de naranja cero azúcares añadidos botella 1,5 l","brand":"LA CASERA ","img":"https://sgfm.elcorteingles.es/SGFM/01/10/7/0118611601107/0118611601107000g01011.jpg","price":"0,84 €            ","price_unit":"(0,53 € / Litro)","categories":["Supermercado","Bebidas","Agua, Refrescos y Zumos","Refrescos y gaseosa","Refresco naranja botella","LA CASERA refresco de naranja cero azúcares añadidos botella 1,5 l"],"general_information":["Denominación del alimento: Bebida refrescante aromatizada. Con edulcorantes.","Nombre del operador: Schweppes, S.A. \"Envasado con licencia de schweppes international limited.\"","Dirección del operador: Pº Castellana 202, 28046 Madrid","Cantidad Neta: 1.5 Litros"],"ingredients":[" Agua carbonatada, zumo de naranja a partir de concentrado, reguladores de acidez: ácido cítrico y E-331iii, edulcorantes: E-952, E-954 y E-955, antioxidante: ácido ascórbico, estabilizantes: E-414 y E-445, conservador: E-211, aromas, colorantes: carotenos y E-160e."],"conservation":" Mantener en lugar fresco y seco. Proteger de la luz solar y de olores intensos.","ean":"8410283018005"},{"full_name":"SIMON LIFE naranja envase 1,5 l","name":"naranja envase 1,5 l","brand":"SIMON LIFE ","img":"https://sgfm.elcorteingles.es/SGFM/00/10/4/0201027100104/0201027100104000g01011.jpg","price":"1,30 €","price_unit":"(0,87 € / Litro)","categories":["Supermercado","Bebidas","Agua, Refrescos y Zumos","Refrescos y gaseosa","Refresco naranja botella","SIMON LIFE naranja envase 1,5 l"],"general_information":["Denominación del alimento: Bebida refrescante mixta de zumo de frutas, con azúcar y edulcorantes. Contenido en zumo 10%. Enriquecida con vitaminas B6, C y E.","Nombre del operador: J.G.C.,S.A.","Dirección del operador: C/Jorge Juan 73 28009 Madrid (España)","Cantidad Neta: 1.5 Litros","Otras menciones obligatorias en la etiqueta: Sin gas. Sin conservantes."],"ingredients":[" Agua, zumo de frutas 10% (naranja, mandarina y manzana y uva) parcialmente a partir de concentrado, azúcar, acidulante: E-330, aceites vegetales (coco), corrector de la acidez: E-331, emulgente: E-1450, espesantes: E-415 y E-466, aromas, edulcorante: sucralosa, colorantes: E-160a y vitaminas C, E y B6."],"conservation":" Una vez abierto, mantener refrigerado y consumir antes de transcurridos 5 días.","ean":"8410261641416"},{"full_name":"J2O refresco de naranja y fruta de pasión sin gas botella 27,50 cl","name":"refresco de naranja y fruta de pasión sin gas botella 27,50 cl","brand":"J2O ","img":"https://sgfm.elcorteingles.es/SGFM/dctm/MEDIA03/201704/06/00118611100589____1__600x600.jpg","price":"1,68 €","price_unit":"(6,11 € / Litro)","categories":["Supermercado","Bebidas","Agua, Refrescos y Zumos","Refrescos y gaseosa","Refresco naranja botella","J2O refresco de naranja y fruta de pasión sin gas botella 27,50 cl"],"general_information":[],"ingredients":[],"ean":"0000050412037"},{"full_name":"ALIADA refresco de limón 6% zumo lata 33 cl","name":"refresco de limón 6% zumo lata 33 cl","brand":"ALIADA ","img":"https://sgfm.elcorteingles.es/SGFM/dctm/MEDIA03/201610/19/00118612100893____2__600x600.jpg","price":"0,28 €","price_unit":"(0,85 € / Litro)","categories":["Supermercado","Bebidas","Agua, Refrescos y Zumos","Refrescos y gaseosa","Refresco limón lata","ALIADA refresco de limón 6% zumo lata 33 cl"],"general_information":["Denominación del alimento: BEBIDA REFRESCANTE DE ZUMO DE FRUTAS. CON AZÚCARES Y EDULCORANTE.","Nombre del operador: Elaborado para\nEl  Grupo El Corte Inglés\nHermosilla, 112 - 28009 Madrid ? España \npor CIF A-83745695","Número de raciones por envase: 1"],"ingredients":[" Ingredientes: Agua carbonatada, zumo de limón a partir de concentrado (6%), azúcar, jarabe de glucosa y fructosa, aroma natural de cítricos, acidulante (E-330), antioxidante (E-300), estabilizantes (E-414, E-445), conservador (E-202), edulcorante (E-955), colorantes (E-161b, E-141ii)."],"conservation":" Conservar alejado de la luz solar y de olores agresivos.","ean":"8433329063203"},{"full_name":"FANTA refresco de limón con gas pack 9 latas 33 cl","name":"refresco de limón con gas pack 9 latas 33 cl","brand":"FANTA ","img":"https://sgfm.elcorteingles.es/SGFM/dctm/MEDIA03/201705/23/00200512101056____2__600x600.jpg","price":"3,87 €","price_unit":"(1,30 € / Litro)","categories":["Supermercado","Bebidas","Agua, Refrescos y Zumos","Refrescos y gaseosa","Refresco limón lata","FANTA refresco de limón con gas pack 9 latas 33 cl"],"general_information":["Denominación del alimento: Bebida refrescante de zumo de frutas. con azúcares y edulcorantes","Nombre del operador: Coca-Cola European Partners Iberia, S.L.U.","Dirección del operador: C/Ribera del Loira 20-22, 28042 - Madrid (España).","Cantidad Neta: 9 Unidad"],"ingredients":[" Agua carbonatada, azúcar(Z) o jarabe de glucosa-fructosa (J)(LEYENDA*), 6% zumo de limón a partir de concentrado, acidulantes: ácido málico y ácido cítrico, antioxidante ácido ascórbico, conservador E-202, estabilizantes: E-414 y E-445, edulcorantes: E-950 y aspartamo, aromas naturales de limón y otros aromas naturales y colorante E-160a. Contiene una fuente de fenilalanina. *LEYENDA: entre paréntesis se podrá leer la siguiente leyenda dependiendo del envase: LATAS: ver código impreso en la base PET, VIDRIO: ver código impreso en el envase o tapón"],"ean":"5449000193278"},{"full_name":"FANTA limón lata 33 cl","name":"limón lata 33 cl","brand":"FANTA ","img":"https://sgfm.elcorteingles.es/SGFM/dctm/MEDIA03/201710/20/00118612100166____7__600x600.jpg","price":"0,44 €","price_unit":"(1,33 € / Litro)","categories":["Supermercado","Bebidas","Agua, Refrescos y Zumos","Refrescos y gaseosa","Refresco limón lata","FANTA limón lata 33 cl"],"general_information":["Denominación del alimento: Bebida refrescante de zumo de frutas. con azúcares y edulcorantes","Nombre del operador: Coca-Cola European Partners Iberia, S.L.U.","Dirección del operador: C/Ribera del Loira 20-22, 28042 - Madrid (España).","Cantidad Neta: 0.33 Litros"],"ingredients":[" Agua carbonatada, azúcar(Z) o jarabe de glucosa-fructosa (J)(LEYENDA*), 6% zumo de limón a partir de concentrado, acidulantes: ácido málico y ácido cítrico, antioxidante ácido ascórbico, conservador E-202, estabilizantes: E-414 y E-445, edulcorantes: E-950 y aspartamo, aromas naturales de limón y otros aromas naturales y colorante E-160a. Contiene una fuente de fenilalanina. *LEYENDA: entre paréntesis se podrá leer la siguiente leyenda dependiendo del envase: LATAS: ver código impreso en la base PET, VIDRIO: ver código impreso en el envase o tapón"],"ean":"5449000006004"},{"full_name":"FANTA Zero refresco de limón sin azúcar lata 33 cl","name":"Zero refresco de limón sin azúcar lata 33 cl","brand":"FANTA ","img":"https://sgfm.elcorteingles.es/SGFM/dctm/MEDIA03/201705/23/00118612100406____1__600x600.jpg","price":"0,44 €","price_unit":"(1,33 € / Litro)","categories":["Supermercado","Bebidas","Agua, Refrescos y Zumos","Refrescos y gaseosa","Refresco limón lata","FANTA Zero refresco de limón sin azúcar lata 33 cl"],"general_information":["Denominación del alimento: Bebida refrescante aromatizada. con edulcorantes","Nombre del operador: Coca-Cola European Partners Iberia, S.L.U.","Dirección del operador: C/Ribera del Loira 20-22, 28042 - Madrid (España).","Cantidad Neta: 0.33 Litros"],"ingredients":[" Agua carbonatada, 1% zumo de limón a partir de concentrado, correctores de acidez: E-330 y E-331, edulcorantes E-950, E-952 y aspartamo, antioxidante ácido ascórbico, conservador E-202, estabilizantes: E-414 y E-445, aromas naturales de limón y otros aromas naturales y colorante betacaroteno. Contiene una fuente de fenilalanina."],"ean":"5449000120991"},{"full_name":"SCHWEPPES refresco de limón original lata 33 cl","name":"refresco de limón original lata 33 cl","brand":"SCHWEPPES ","img":"https://sgfm.elcorteingles.es/SGFM/dctm/MEDIA02/CONTENIDOS/201506/22/00200512100645____1__600x600.jpg","price":"0,66 €","price_unit":"(2 € / Litro)","categories":["Supermercado","Bebidas","Agua, Refrescos y Zumos","Refrescos y gaseosa","Refresco limón lata","SCHWEPPES refresco de limón original lata 33 cl"],"general_information":["Denominación del alimento: Bebida refrescante de extractos, de valor energético reducido. Con azúcares y edulcorante.","Nombre del operador: Schweppes, S.A. \"Envasado con licencia de schweppes international limited.\"","Dirección del operador: Pº Castellana 202, 28046 Madrid","Cantidad Neta: 33 Centilitros"],"ingredients":[" Agua, jarabe de glucosa y fructosa, azúcar, zumo de limón a partir de concentrado, extractos de limón (0,5%), anhídrido carbónico, acidulante: ácido cítrico, aroma natural de limón con otros aromas naturales, estabilizantes: E-1450, E-445 y E-444, conservador: E-202, edulcorante: E-955."],"conservation":" Mantener en lugar fresco y seco. Proteger de la luz solar y de olores intensos.","ean":"8414100301752"},{"full_name":"SCHWEPPES Original refresco de limón lata 25 cl","name":"Original refresco de limón lata 25 cl","brand":"SCHWEPPES ","img":"https://sgfm.elcorteingles.es/SGFM/dctm/MEDIA03/201606/13/00118612101131____1__600x600.jpg","price":"0,50 €","price_unit":"(2 € / Litro)","categories":["Supermercado","Bebidas","Agua, Refrescos y Zumos","Refrescos y gaseosa","Refresco limón lata","SCHWEPPES Original refresco de limón lata 25 cl"],"general_information":["Denominación del alimento: Bebida refrescante de extractos, de valor energético reducido. Con azúcar y edulcorante.","Nombre del operador: E.I. Ahemon S.A. \"Envasado con licencia de schweppes international limited.\"","Dirección del operador: Carretera del Centro, km 2.5. 35015, Las Palmas de Gran Canaria.","Lugar de procedencia del alimento: España","Cantidad Neta: 25 Centilitros","Otras menciones obligatorias en la etiqueta: 40 % de reducción de calorías con respecto al producto estándar"],"ingredients":[" Agua, azúcar, zumo de limón a partir de concentrado, extractos de limón, anhídrido carbónico, acidulante: ácido cítrico, aroma natural de limón con otros aromas naturales, estabilizantes: E-1450, E-445 y E-444, conservador: E-202, edulcorante: E-955."],"conservation":" Mantener en lugar fresco y seco. Proteger de la luz solar y de olores intensos.","ean":"8410656037701"},{"full_name":"SCHWEPPES Zero limón sin azúcares añadidos lata 33 cl","name":"Zero limón sin azúcares añadidos lata 33 cl","brand":"SCHWEPPES ","img":"https://sgfm.elcorteingles.es/SGFM/dctm/MEDIA02/CONTENIDOS/201506/22/00118612100588____2__600x600.jpg","price":"0,66 €","price_unit":"(2 € / Litro)","categories":["Supermercado","Bebidas","Agua, Refrescos y Zumos","Refrescos y gaseosa","Refresco limón lata","SCHWEPPES Zero limón sin azúcares añadidos lata 33 cl"],"general_information":["Denominación del alimento: Bebida refrescante aromatizada. Con edulcorantes.","Nombre del operador: Schweppes, S.A. \"Envasado con licencia de schweppes international limited.\"","Dirección del operador: Pº Castellana 202, 28046 Madrid","Cantidad Neta: 33 Centilitros"],"ingredients":[" Agua, extractos de limón (0,6%), anhídrido carbónico, acidulante: ácido cítrico, aroma natural de limón con otros aromas naturales, edulcorantes: E-952, E-950 y E-955, estabilizantes: E-1450, E-445 y E-444, conservador: E-202."],"conservation":" Mantener en lugar fresco y seco. Proteger de la luz solar y de olores intensos.","ean":"8414100301653"},{"full_name":"KAS limón pack ahorro 9 latas 33 cl","name":"limón pack ahorro 9 latas 33 cl","brand":"KAS ","img":"https://sgfm.elcorteingles.es/SGFM/00/93/5/0118612100935/0118612100935000g01011.jpg","price":"3,38 €","price_unit":"(1,14 € / Litro)","categories":["Supermercado","Bebidas","Agua, Refrescos y Zumos","Refrescos y gaseosa","Refresco limón lata","KAS limón pack ahorro 9 latas 33 cl"],"general_information":["Denominación del alimento: Bebida refrescante de zumo de fruta con azúcares y edulcorante","Nombre del operador: Compañía de Bebidas Pepsico, s.l.","Dirección del operador: Avda. de los Olmos, 2, 01013 - Vitoria","Cantidad Neta: 2970 Mililitros"],"ingredients":[" Agua carbonatada, jarabe de glucosa y fructosa, zumo de limón a partir de concentrado 4%, acidulante: E-330, estabilizantes: E-414 y E-445, aromas naturales cítricos, antioxidante: E-300, conservador: E-202, edulcorante: E-955, colorante: E-161b."],"conservation":" Proteger de la luz solar y de olores agresivos. No congelar. Conservar en lugar limpio, fresco y seco. Evitar el contacto directo con el suelo.","ean":"8410408095119"},{"full_name":"KAS refresco de limón lata 33 cl","name":"refresco de limón lata 33 cl","brand":"KAS ","img":"https://sgfm.elcorteingles.es/SGFM/dctm/MEDIA02/CONTENIDOS/201509/22/00118612100109____1__600x600.jpg","price":"0,44 €","price_unit":"(1,33 € / Litro)","categories":["Supermercado","Bebidas","Agua, Refrescos y Zumos","Refrescos y gaseosa","Refresco limón lata","KAS refresco de limón lata 33 cl"],"general_information":["Denominación del alimento: Bebida refrescante de zumo de fruta con azúcares y edulcorante#En Canarias: Bebida refrescante de zumo de fruta","Nombre del operador: Compañía de Bebidas Pepsico, s.l.","Dirección del operador: Avda. de los Olmos, 2, 01013 - Vitoria","Cantidad Neta: 330 Mililitros"],"ingredients":[" Agua carbonatada, jarabe de glucosa y fructosa, zumo de limón a partir de concentrado 4%, acidulante: E-330, estabilizantes: E-414 y E-445, aromas naturales cítricos, antioxidante: E-300, conservador: E-202, edulcorante: E-955, colorante: E-161b. En Canarias: Agua carbonatada, azúcar, zumo de limón a partir de concentrado 6%, acidulante: E-330, estabilizantes: E-414 y E-445, aromas naturales cítricos, antioxidante: E-300, conservador: E-202, colorante: E-161b"],"conservation":" Proteger de la luz solar y de olores agresivos. No congelar. Conservar en lugar limpio, fresco y seco. Evitar el contacto directo con el suelo.","ean":"8410408050248"},{"full_name":"KAS Zero limón lata 33 cl","name":"Zero limón lata 33 cl","brand":"KAS ","img":"https://sgfm.elcorteingles.es/SGFM/dctm/MEDIA02/CONTENIDOS/201509/22/00118612101024____1__600x600.jpg","price":"0,42 €","price_unit":"(1,27 € / Litro)","categories":["Supermercado","Bebidas","Agua, Refrescos y Zumos","Refrescos y gaseosa","Refresco limón lata","KAS Zero limón lata 33 cl"],"general_information":[],"ingredients":[],"ean":"8410408241882"},{"full_name":"TRINA limón sin burbujas lata 33 cl","name":"limón sin burbujas lata 33 cl","brand":"TRINA ","img":"https://sgfm.elcorteingles.es/SGFM/dctm/MEDIA02/CONTENIDOS/201505/26/00118611200322____2__600x600.jpg","price":"0,56 €            ","price_unit":"(1,67 € / Litro)","categories":["Supermercado","Bebidas","Agua, Refrescos y Zumos","Refrescos y gaseosa","Refresco limón lata","TRINA limón sin burbujas lata 33 cl"],"general_information":["Denominación del alimento: Bebida refrescante de zumo de frutas.","Nombre del operador: Schweppes, S.A. \"Envasado con licencia de schweppes international limited.\"","Dirección del operador: Pº Castellana 202, 28046 Madrid","Cantidad Neta: 33 Centilitros","Otras menciones obligatorias en la etiqueta: 6% de zumo."],"ingredients":[" Agua, zumo de limón a partir de concentrado (6%), jarabe de glucosa y fructosa, azúcar, acidulante: ácido cítrico, estabilizante: goma acacia, aceite vegetal de palma, aromas naturales, vitamina C."],"conservation":" Mantener en lugar fresco y seco. Proteger de la luz solar y de olores intensos. Una vez abierto conservar en frío.","ean":"8411800319056"},{"full_name":"LA CASERA refresco sabor limón cero azúcares añadidos lata 33 cl","name":"refresco sabor limón cero azúcares añadidos lata 33 cl","brand":"LA CASERA ","img":"https://sgfm.elcorteingles.es/SGFM/00/22/4/0118612100224/0118612100224000g01011.jpg","price":"0,39 €","price_unit":"(1,18 € / Litro)","categories":["Supermercado","Bebidas","Agua, Refrescos y Zumos","Refrescos y gaseosa","Refresco limón lata","LA CASERA refresco sabor limón cero azúcares añadidos lata 33 cl"],"general_information":["Denominación del alimento: Bebida refrescante aromatizada. Con edulcorantes.","Nombre del operador: Schweppes, S.A. \"Envasado con licencia de schweppes international limited.\"","Dirección del operador: Pº Castellana 202, 28046 Madrid","Cantidad Neta: 33 Centilitros"],"ingredients":[" Agua carbonatada, zumo de limón a partir de concentrado (1,2%), reguladores de acidez: ácido cítrico y E-331iii, edulcorantes: E-952, E-950 y E-954, aromas, estabilizantes: E-414 y E-445, conservador: E-211, aceite vegetal de palma."],"conservation":" Mantener en lugar fresco y seco. Proteger de la luz solar y de olores intensos.","ean":"8410283303453"},{"full_name":"SAN PELLEGRINO bebida refrescante de limón y menta con 16% de zumo procedente de concentrado lata 33 cl","name":"bebida refrescante de limón y menta con 16% de zumo procedente de concentrado lata 33 cl","brand":"SAN PELLEGRINO ","img":"https://sgfm.elcorteingles.es/SGFM/dctm/MEDIA03/201710/10/00118631901065____1__600x600.jpg","price":"0,89 €","price_unit":"(2,70 € / Litro)","categories":["Supermercado","Bebidas","Agua, Refrescos y Zumos","Refrescos y gaseosa","Refresco limón lata","SAN PELLEGRINO bebida refrescante de limón y menta con 16% de zumo procedente de concentrado lata 33 cl"],"general_information":["Denominación del alimento: Bebida refrescante con 16% de zumo de frutas procedente de concentrado","País de origen: Italia","Nombre del operador: Nestlé España, S.A.","Dirección del operador: Nestlé España, S.A. - Edificio Nestlé - 08950 Esplugues de Llobregat (Barcelona)","Cantidad Neta: 330 Mililitros"],"ingredients":[" Agua, zumo de frutas a base de concentrado (12% de zumo de limón, 4% zumo de manzana), azúcar, anhídrido carbónico, infusión de menta (0,27%), aroma natura."],"ean":"8002270726583"},{"full_name":"ALIADA refresco limón botella 2 l","name":"refresco limón botella 2 l","brand":"ALIADA ","img":"https://sgfm.elcorteingles.es/SGFM/dctm/MEDIA03/201609/09/00118612100885____1__600x600.jpg","price":"0,66 €","price_unit":"(0,33 € / Litro)","categories":["Supermercado","Bebidas","Agua, Refrescos y Zumos","Refrescos y gaseosa","Refresco limón botella","ALIADA refresco limón botella 2 l"],"general_information":["Denominación del alimento: BEBIDA REFRESCANTE DE ZUMO DE FRUTAS. CON AZÚCARES Y EDULCORANTE.","Nombre del operador: Elaborado para\nEl  Grupo El Corte Inglés\nHermosilla, 112 - 28009 Madrid ? España \npor CIF A-83745695","Número de raciones por envase: 10"],"ingredients":[" Ingredientes: Agua carbonatada, zumo de limón a partir de concentrado (6%), azúcar, jarabe de glucosa y fructosa, aroma natural de cítricos, acidulante (E-330), antioxidante (E-300), estabilizantes (E-414, E-445), conservador (E-202), edulcorante (E-955), colorantes (E-161b, E-141ii)."],"conservation":" Conservar alejado de la luz solar y de olores agresivos. Una vez abierto, mantener en el frigorífico y consumir en el plazo de 3 días.","ean":"8433329063197"},{"full_name":"ALIADA refresco limón sin gas botella 1,5 l","name":"refresco limón sin gas botella 1,5 l","brand":"ALIADA ","img":"https://sgfm.elcorteingles.es/SGFM/dctm/MEDIA03/201609/02/00118611200454____1__600x600.jpg","price":"0,82 €","price_unit":"(0,55 € / Litro)","categories":["Supermercado","Bebidas","Agua, Refrescos y Zumos","Refrescos y gaseosa","Refresco limón botella","ALIADA refresco limón sin gas botella 1,5 l"],"general_information":["Denominación del alimento: BEBIDA REFRESCANTE DE ZUMO DE FRUTAS. CON AZÚCARES Y EDULCORANTE.","Nombre del operador: Elaborado para\nEl  Grupo El Corte Inglés\nHermosilla, 112 - 28009 Madrid ? España \npor CIF A-83745695","Número de raciones por envase: aproximadament"],"ingredients":[" Ingredientes: Agua, zumo de limón a partir de concentrado (6%), azúcar, jarabe de glucosa y fructosa, acidulante (E-330), aroma, corrector de acidez (E-331 iii), antioxidante (E-300), estabilizantes (E-445, E-414), edulcorante (E-955)."],"conservation":" Conservar alejado de la luz solar y de olores agresivos. Una vez abierto, mantener en el frigorífico y consumir en el plazo de 3 días.","ean":"8433329063227"},{"full_name":"FANTA refresco limón pack 2 botellas 2 l","name":"refresco limón pack 2 botellas 2 l","brand":"FANTA ","img":"https://sgfm.elcorteingles.es/SGFM/dctm/MEDIA03/201705/23/00118612100307____3__600x600.jpg","price":"2,42 €","price_unit":"(0,60 € / Litro)","categories":["Supermercado","Bebidas","Agua, Refrescos y Zumos","Refrescos y gaseosa","Refresco limón botella","FANTA refresco limón pack 2 botellas 2 l"],"general_information":["Denominación del alimento: Bebida refrescante de zumo de frutas. con azúcares y edulcorantes","Nombre del operador: Coca-Cola European Partners Iberia, S.L.U.","Dirección del operador: C/Ribera del Loira 20-22, 28042 - Madrid (España).","Cantidad Neta: 2 Unidad"],"ingredients":[" Agua carbonatada, azúcar(Z) o jarabe de glucosa-fructosa (J)(LEYENDA*), 6% zumo de limón a partir de concentrado, acidulantes: ácido málico y ácido cítrico, antioxidante ácido ascórbico, conservador E-202, estabilizantes: E-414 y E-445, edulcorantes: E-950 y aspartamo, aromas naturales de limón y otros aromas naturales y colorante E-160a. Contiene una fuente de fenilalanina. *LEYENDA: entre paréntesis se podrá leer la siguiente leyenda dependiendo del envase: LATAS: ver código impreso en la base PET, VIDRIO: ver código impreso en el envase o tapón"],"ean":"5449000059413"},{"full_name":"FANTA refresco limón botella 2 l","name":"refresco limón botella 2 l","brand":"FANTA ","img":"https://sgfm.elcorteingles.es/SGFM/dctm/MEDIA03/201705/23/00118612100240____2__600x600.jpg","price":"1,14 €","price_unit":"(0,57 € / Litro)","categories":["Supermercado","Bebidas","Agua, Refrescos y Zumos","Refrescos y gaseosa","Refresco limón botella","FANTA refresco limón botella 2 l"],"general_information":["Denominación del alimento: Bebida refrescante de zumo de frutas. con azúcares y edulcorantes","Nombre del operador: Coca-Cola European Partners Iberia, S.L.U.","Dirección del operador: C/Ribera del Loira 20-22, 28042 - Madrid (España).","Cantidad Neta: 2 Litros"],"ingredients":[" Agua carbonatada, azúcar(Z) o jarabe de glucosa-fructosa (J)(LEYENDA*), 6% zumo de limón a partir de concentrado, acidulantes: ácido málico y ácido cítrico, antioxidante ácido ascórbico, conservador E-202, estabilizantes: E-414 y E-445, edulcorantes: E-950 y aspartamo, aromas naturales de limón y otros aromas naturales y colorante E-160a. Contiene una fuente de fenilalanina. *LEYENDA: entre paréntesis se podrá leer la siguiente leyenda dependiendo del envase: LATAS: ver código impreso en la base PET, VIDRIO: ver código impreso en el envase o tapón"],"ean":"5449000006011"},{"full_name":"FANTA Zero refresco limón botella 2 l","name":"Zero refresco limón botella 2 l","brand":"FANTA ","img":"https://sgfm.elcorteingles.es/SGFM/dctm/MEDIA03/201705/23/00118612100414____3__600x600.jpg","price":"1,14 €            ","price_unit":"(0,50 € / Litro)","categories":["Supermercado","Bebidas","Agua, Refrescos y Zumos","Refrescos y gaseosa","Refresco limón botella","FANTA Zero refresco limón botella 2 l"],"general_information":["Denominación del alimento: Bebida refrescante aromatizada. con edulcorantes","Nombre del operador: Coca-Cola European Partners Iberia, S.L.U.","Dirección del operador: C/Ribera del Loira 20-22, 28042 - Madrid (España).","Cantidad Neta: 2 Litros"],"ingredients":[" Agua carbonatada, 1% zumo de limón a partir de concentrado, correctores de acidez: E-330 y E-331, edulcorantes E-950, E-952 y aspartamo, antioxidante ácido ascórbico, conservador E-202, estabilizantes: E-414 y E-445, aromas naturales de limón y otros aromas naturales y colorante betacaroteno. Contiene una fuente de fenilalanina."],"ean":"5449000121011"},{"full_name":"FANTA refresco limón botella 50 cl","name":"refresco limón botella 50 cl","brand":"FANTA ","img":"https://sgfm.elcorteingles.es/SGFM/dctm/MEDIA03/201705/23/00118612100232____2__600x600.jpg","price":"0,78 €","price_unit":"(1,56 € / Litro)","categories":["Supermercado","Bebidas","Agua, Refrescos y Zumos","Refrescos y gaseosa","Refresco limón botella","FANTA refresco limón botella 50 cl"],"general_information":["Denominación del alimento: Bebida refrescante de zumo de frutas. con azúcares y edulcorantes","Nombre del operador: Coca-Cola European Partners Iberia, S.L.U.","Dirección del operador: C/Ribera del Loira 20-22, 28042 - Madrid (España).","Cantidad Neta: 0.5 Litros"],"ingredients":[" Agua carbonatada, azúcar(Z) o jarabe de glucosa-fructosa (J)(LEYENDA*), 6% zumo de limón a partir de concentrado, acidulantes: ácido málico y ácido cítrico, antioxidante ácido ascórbico, conservador E-202, estabilizantes: E-414 y E-445, edulcorantes: E-950 y aspartamo, aromas naturales de limón y otros aromas naturales y colorante E-160a. Contiene una fuente de fenilalanina. *LEYENDA: entre paréntesis se podrá leer la siguiente leyenda dependiendo del envase: LATAS: ver código impreso en la base PET, VIDRIO: ver código impreso en el envase o tapón"],"ean":"0000054492493"},{"full_name":"SCHWEPPES refresco de limón botella 1 l","name":"refresco de limón botella 1 l","brand":"SCHWEPPES ","img":"https://sgfm.elcorteingles.es/SGFM/01/05/7/0118612101057/0118612101057000g01011.jpg","price":"1,55 €","price_unit":"(1,55 € / Litro)","categories":["Supermercado","Bebidas","Agua, Refrescos y Zumos","Refrescos y gaseosa","Refresco limón botella","SCHWEPPES refresco de limón botella 1 l"],"general_information":["Denominación del alimento: Bebida refrescante de extractos, de valor energético reducido. Con azúcares y edulcorante.","Nombre del operador: Schweppes, S.A. \"Envasado con licencia de schweppes international limited.\"","Dirección del operador: Pº Castellana 202, 28046 Madrid","Cantidad Neta: 1 Litros"],"ingredients":[" Agua, jarabe de glucosa y fructosa, azúcar, zumo de limón a partir de concentrado, extractos de limón (0,5%), anhídrido carbónico, acidulante: ácido cítrico, aroma natural de limón con otros aromas naturales, estabilizantes: E-1450, E-445 y E-444, conservador: E-202, edulcorante: E-955."],"conservation":" Mantener en lugar fresco y seco. Proteger de la luz solar y de olores intensos.","ean":"8414100301042"},{"full_name":"SCHWEPPES Limón Zero azúcares añadidos botella 1 l","name":"Limón Zero azúcares añadidos botella 1 l","brand":"SCHWEPPES ","img":"https://sgfm.elcorteingles.es/SGFM/01/06/5/0118612101065/0118612101065000g01011.jpg","price":"1,55 €","price_unit":"(1,55 € / Litro)","categories":["Supermercado","Bebidas","Agua, Refrescos y Zumos","Refrescos y gaseosa","Refresco limón botella","SCHWEPPES Limón Zero azúcares añadidos botella 1 l"],"general_information":["Denominación del alimento: Bebida refrescante aromatizada. Con edulcorantes.","Nombre del operador: Schweppes, S.A. \"Envasado con licencia de schweppes international limited.\"","Dirección del operador: Pº Castellana 202, 28046 Madrid","Cantidad Neta: 1 Litros"],"ingredients":[" Agua, extractos de limón (0,6%), anhídrido carbónico, acidulante: ácido cítrico, aroma natural de limón con otros aromas naturales, edulcorantes: E-952, E-950 y E-955, estabilizantes: E-1450, E-445 y E-444, conservador: E-202."],"conservation":" Mantener en lugar fresco y seco. Proteger de la luz solar y de olores intensos.","ean":"8414100305354"},{"full_name":"TRINA refresco de limón sin burbujas botella 1,5 l","name":"refresco de limón sin burbujas botella 1,5 l","brand":"TRINA ","img":"https://sgfm.elcorteingles.es/SGFM/dctm/MEDIA03/201606/13/00118611200264____2__600x600.jpg","price":"1,39 €","price_unit":"(0 € / Litro)","categories":["Supermercado","Bebidas","Agua, Refrescos y Zumos","Refrescos y gaseosa","Refresco limón botella","TRINA refresco de limón sin burbujas botella 1,5 l"],"general_information":["Denominación del alimento: Bebida refrescante de zumo de frutas.","Nombre del operador: Schweppes, S.A. \"Envasado con licencia de schweppes international limited.\"","Dirección del operador: Pº Castellana 202, 28046 Madrid","Cantidad Neta: 1.5 Litros","Otras menciones obligatorias en la etiqueta: 6% de zumo."],"ingredients":[" Agua, zumo de limón a partir de concentrado (6%), jarabe de glucosa y fructosa, azúcar, acidulante: ácido cítrico, estabilizante: goma acacia, aceite vegetal de palma, aromas naturales, vitamina C."],"conservation":" Mantener en lugar fresco y seco. Proteger de la luz solar y de olores intensos. Una vez abierto conservar en frío.","ean":"8411800376554"},{"full_name":"TRINA Zero refresco de limón sin burbujas sin azúcares añadidos botella 1,5 l","name":"Zero refresco de limón sin burbujas sin azúcares añadidos botella 1,5 l","brand":"TRINA ","img":"https://sgfm.elcorteingles.es/SGFM/dctm/MEDIA03/201606/13/00118611200512____2__600x600.jpg","price":"1,39 €","price_unit":"(0 € / Litro)","categories":["Supermercado","Bebidas","Agua, Refrescos y Zumos","Refrescos y gaseosa","Refresco limón botella","TRINA Zero refresco de limón sin burbujas sin azúcares añadidos botella 1,5 l"],"general_information":["Denominación del alimento: Bebida refrescante de zumo de frutas. Con edulcorantes.","Nombre del operador: Schweppes, S.A. \"Envasado con licencia de schweppes international limited.\"","Dirección del operador: Pº Castellana 202, 28046 Madrid","Cantidad Neta: 1.5 Litros","Otras menciones obligatorias en la etiqueta: 6% de zumo."],"ingredients":[" Agua, zumo de limón a partir de concentrado (6%), reguladores de acidez: ácido cítrico y citrato sódico, estabilizante: goma acacia, aceites vegetales de coco y palma, edulcorantes: E-952 y E-955, aromas naturales."],"conservation":" Mantener en lugar fresco y seco. Proteger de la luz solar y de olores intensos. Una vez abierto conservar en frío.","ean":"8411800312743"},{"full_name":"TRINA Zero refresco de limón sin burbujas sin azúcares añadidos botella 27,5 cl","name":"Zero refresco de limón sin burbujas sin azúcares añadidos botella 27,5 cl","brand":"TRINA ","img":"https://sgfm.elcorteingles.es/SGFM/dctm/MEDIA03/201705/17/00118611200587____1__600x600.jpg","price":"0,60 €","price_unit":"(2,18 € / Litro)","categories":["Supermercado","Bebidas","Agua, Refrescos y Zumos","Refrescos y gaseosa","Refresco limón botella","TRINA Zero refresco de limón sin burbujas sin azúcares añadidos botella 27,5 cl"],"general_information":["Denominación del alimento: Bebida refrescante de zumo de frutas. Con edulcorantes.","Nombre del operador: Schweppes, S.A. \"Envasado con licencia de schweppes international limited.\"","Dirección del operador: Pº Castellana 202, 28046 Madrid","Cantidad Neta: 27.5 Centilitros","Otras menciones obligatorias en la etiqueta: 6% de zumo."],"ingredients":[" Agua, zumo de limón a partir de concentrado (6%), reguladores de acidez: ácido cítrico y citrato sódico, estabilizante: goma acacia, aceites vegetales de coco y palma, edulcorantes: E-952 y E-955, aromas naturales."],"conservation":" Mantener en lugar fresco y seco. Proteger de la luz solar y de olores intensos. Una vez abierto conservar en frío.","ean":"8411800353746"},{"full_name":"KAS limón pack 2 botella 2 l","name":"limón pack 2 botella 2 l","brand":"KAS ","img":"https://sgfm.elcorteingles.es/SGFM/dctm/MEDIA02/CONTENIDOS/201509/22/00118612100059____1__600x600.jpg","price":"2,35 €","price_unit":"(1,18 € / Litro)","categories":["Supermercado","Bebidas","Agua, Refrescos y Zumos","Refrescos y gaseosa","Refresco limón botella","KAS limón pack 2 botella 2 l"],"general_information":["Denominación del alimento: Bebida refrescante de zumo de fruta con azúcares y edulcorante","Nombre del operador: Compañía de Bebidas Pepsico, s.l.","Dirección del operador: Avda. de los Olmos, 2, 01013 - Vitoria","Cantidad Neta: 4 Litros"],"ingredients":[" Agua carbonatada, jarabe de glucosa y fructosa, zumo de limón a partir de concentrado 4%, acidulante: E-330, estabilizantes: E-414 y E-445, aromas naturales cítricos, antioxidante: E-300, conservador: E-202, edulcorante: E-955, colorante: E-161b."],"conservation":" Proteger de la luz solar y de olores agresivos. No congelar. Conservar en lugar limpio, fresco y seco. Evitar el contacto directo con el suelo.","ean":"8410408124840"},{"full_name":"KAS refresco de limón botella 2 l","name":"refresco de limón botella 2 l","brand":"KAS ","img":"https://sgfm.elcorteingles.es/SGFM/dctm/MEDIA02/CONTENIDOS/201509/22/00118612100125____1__600x600.jpg","price":"1,22 €","price_unit":"(0,61 € / Litro)","categories":["Supermercado","Bebidas","Agua, Refrescos y Zumos","Refrescos y gaseosa","Refresco limón botella","KAS refresco de limón botella 2 l"],"general_information":["Denominación del alimento: Bebida refrescante de zumo de fruta con azúcares y edulcorante","Nombre del operador: Compañía de Bebidas Pepsico, s.l.","Dirección del operador: Avda. de los Olmos, 2, 01013 - Vitoria","Cantidad Neta: 2 Litros"],"ingredients":[" Agua carbonatada, jarabe de glucosa y fructosa, zumo de limón a partir de concentrado 4%, acidulante: E-330, estabilizantes: E-414 y E-445, aromas naturales cítricos, antioxidante: E-300, conservador: E-202, edulcorante: E-955, colorante: E-161b."],"conservation":" Proteger de la luz solar y de olores agresivos. No congelar. Conservar en lugar limpio, fresco y seco. Evitar el contacto directo con el suelo.","ean":"8410408050361"},{"full_name":"KAS limón Junior botella 33 cl","name":"limón Junior botella 33 cl","brand":"KAS ","img":"https://sgfm.elcorteingles.es/SGFM/dctm/MEDIA02/CONTENIDOS/201509/22/00118612100075____1__600x600.jpg","price":"0,54 €","price_unit":"(1,64 € / Litro)","categories":["Supermercado","Bebidas","Agua, Refrescos y Zumos","Refrescos y gaseosa","Refresco limón botella","KAS limón Junior botella 33 cl"],"general_information":["Denominación del alimento: Bebida refrescante de zumo de fruta con azúcares y edulcorante","Nombre del operador: Compañía de Bebidas Pepsico, s.l.","Dirección del operador: Avda. de los Olmos, 2, 01013 - Vitoria","Cantidad Neta: 330 Mililitros"],"ingredients":[" Agua carbonatada, jarabe de glucosa y fructosa, zumo de limón a partir de concentrado 4%, acidulante: E-330, estabilizantes: E-414 y E-445, aromas naturales cítricos, antioxidante: E-300, conservador: E-202, edulcorante: E-955, colorante: E-161b."],"conservation":" Proteger de la luz solar y de olores agresivos. No congelar. Conservar en lugar limpio, fresco y seco. Evitar el contacto directo con el suelo.","ean":"8410408012918"},{"full_name":"KAS Zero limón botella botella 2 l","name":"Zero limón botella botella 2 l","brand":"KAS ","img":"https://sgfm.elcorteingles.es/SGFM/dctm/MEDIA02/CONTENIDOS/201509/22/00118612101016____1__600x600.jpg","price":"1,22 €","price_unit":"(0,61 € / Litro)","categories":["Supermercado","Bebidas","Agua, Refrescos y Zumos","Refrescos y gaseosa","Refresco limón botella","KAS Zero limón botella botella 2 l"],"general_information":["Denominación del alimento: Bebida refrescante de zumo de fruta con edulcorantes, sin azúcares añadidos","Nombre del operador: Compañía de Bebidas Pepsico, s.l.","Dirección del operador: Avda. de los Olmos, 2, 01013 - Vitoria","Cantidad Neta: 2 Litros"],"ingredients":[" Agua carbonatada, zumo de limón a partir de concentrado 5%, acidulante: E-330, estabilizantes: E-414 y E-445, edulcorantes: E-950 y E-955, antioxidante: E-300, conservador: E-202, aromas naturales cítricos, colorante: E-161b."],"conservation":" Proteger de la luz solar y de olores agresivos. No congelar. Conservar en lugar limpio, fresco y seco. Evitar el contacto directo con el suelo.","ean":"8410408103715"},{"full_name":"LA CASERA refresco sabor limón cero azúcares añadidos botella 1,5 l","name":"refresco sabor limón cero azúcares añadidos botella 1,5 l","brand":"LA CASERA ","img":"https://sgfm.elcorteingles.es/SGFM/00/94/3/0118612100943/0118612100943000g01011.jpg","price":"0,84 €            ","price_unit":"(0,53 € / Litro)","categories":["Supermercado","Bebidas","Agua, Refrescos y Zumos","Refrescos y gaseosa","Refresco limón botella","LA CASERA refresco sabor limón cero azúcares añadidos botella 1,5 l"],"general_information":["Denominación del alimento: Bebida refrescante aromatizada. Con edulcorantes.","Nombre del operador: Schweppes, S.A. \"Envasado con licencia de schweppes international limited.\"","Dirección del operador: Pº Castellana 202, 28046 Madrid","Cantidad Neta: 1.5 Litros"],"ingredients":[" Agua carbonatada, zumo de limón a partir de concentrado (1,2%), reguladores de acidez: ácido cítrico y E-331iii, edulcorantes: E-952, E-950 y E-954, aromas, estabilizantes: E-414 y E-445, conservador: E-211, aceite vegetal de palma."],"conservation":" Mantener en lugar fresco y seco. Proteger de la luz solar y de olores intensos.","ean":"8410283028004"},{"full_name":"ROBINSONS refresco de limón sin gas sin azúcar botella 1 l","name":"refresco de limón sin gas sin azúcar botella 1 l","brand":"ROBINSONS ","img":"https://sgfm.elcorteingles.es/SGFM/dctm/MEDIA03/201703/28/00118611200579____1__600x600.jpg","price":"2,18 €","price_unit":"(2,18 € / Litro)","categories":["Supermercado","Bebidas","Agua, Refrescos y Zumos","Refrescos y gaseosa","Refresco limón botella","ROBINSONS refresco de limón sin gas sin azúcar botella 1 l"],"general_information":[],"ingredients":[],"ean":"5000147030651"},{"full_name":"SEVEN UP refresco lima limón pack 12 lata 33 cl","name":"refresco lima limón pack 12 lata 33 cl","brand":"SEVEN UP ","img":"https://sgfm.elcorteingles.es/SGFM/dctm/MEDIA02/CONTENIDOS/201509/17/00200519700405____1__600x600.jpg","price":"4,75 €","price_unit":"(14,39 € / Litro)","categories":["Supermercado","Bebidas","Agua, Refrescos y Zumos","Refrescos y gaseosa","Refrescos lima limón lata","SEVEN UP refresco lima limón pack 12 lata 33 cl"],"general_information":["Denominación del alimento: Bebida refrescante aromatizada con aromas naturales de limón y lima. Con azúcar y edulcorante.","Nombre del operador: Compañía de Bebidas Pepsico S.L.","Dirección del operador: Avda. de los Olmos, 2, 01013 - Vitoria","Cantidad Neta: 3960 Mililitros"],"ingredients":[" Agua carbonatada, azúcar, acidulantes (E-330, E-296), aroma natural de limón y lima, regulador de acidez (E-331), edulcorante (glucósidos de esteviol)."],"conservation":" Proteger de la luz solar y de olores agresivos. No congelar. Conservar en lugar limpio, fresco y seco. Evitar el contacto directo con el suelo.","ean":"4060800010070"},{"full_name":"SEVEN UP refresco de lima limón pack 9 latas 33 cl","name":"refresco de lima limón pack 9 latas 33 cl","brand":"SEVEN UP ","img":"https://sgfm.elcorteingles.es/SGFM/dctm/MEDIA02/CONTENIDOS/201509/17/00118619700406____1__600x600.jpg","price":"3,43 €","price_unit":"(1,15 € / Litro)","categories":["Supermercado","Bebidas","Agua, Refrescos y Zumos","Refrescos y gaseosa","Refrescos lima limón lata","SEVEN UP refresco de lima limón pack 9 latas 33 cl"],"general_information":["Denominación del alimento: Bebida refrescante aromatizada con aromas naturales de limón y lima. Con azúcar y edulcorante.","Nombre del operador: Compañía de Bebidas Pepsico S.L.","Dirección del operador: Avda. de los Olmos, 2, 01013 - Vitoria","Cantidad Neta: 2970 Mililitros"],"ingredients":[" Agua carbonatada, azúcar, acidulantes (E-330, E-296), aroma natural de limón y lima, regulador de acidez (E-331), edulcorante (glucósidos de esteviol)."],"conservation":" Proteger de la luz solar y de olores agresivos. No congelar. Conservar en lugar limpio, fresco y seco. Evitar el contacto directo con el suelo.","ean":"4060800161918"},{"full_name":"SEVEN UP refresco de lima limón lata 33 cl","name":"refresco de lima limón lata 33 cl","brand":"SEVEN UP ","img":"https://sgfm.elcorteingles.es/SGFM/dctm/MEDIA02/CONTENIDOS/201509/22/00118619700075____1__600x600.jpg","price":"0,44 €","price_unit":"(1,33 € / Litro)","categories":["Supermercado","Bebidas","Agua, Refrescos y Zumos","Refrescos y gaseosa","Refrescos lima limón lata","SEVEN UP refresco de lima limón lata 33 cl"],"general_information":["Denominación del alimento: Bebida refrescante aromatizada con aromas naturales de limón y lima. Con azúcar y edulcorante.","Nombre del operador: Compañía de Bebidas Pepsico S.L.","Dirección del operador: Avda. de los Olmos, 2, 01013 - Vitoria","Cantidad Neta: 330 Mililitros"],"ingredients":[" Agua carbonatada, azúcar, acidulantes (E-330, E-296), aroma natural de limón y lima, regulador de acidez (E-331), edulcorante (glucósidos de esteviol)."],"conservation":" Proteger de la luz solar y de olores agresivos. No congelar. Conservar en lugar limpio, fresco y seco. Evitar el contacto directo con el suelo.","ean":"0000087177756"},{"full_name":"SEVEN UP Free Zero azúcar refresco de lima limón lata 33 cl","name":"Free Zero azúcar refresco de lima limón lata 33 cl","brand":"SEVEN UP ","img":"https://sgfm.elcorteingles.es/SGFM/dctm/MEDIA02/CONTENIDOS/201509/22/00118619700182____1__600x600.jpg","price":"0,44 €","price_unit":"(1,33 € / Litro)","categories":["Supermercado","Bebidas","Agua, Refrescos y Zumos","Refrescos y gaseosa","Refrescos lima limón lata","SEVEN UP Free Zero azúcar refresco de lima limón lata 33 cl"],"general_information":["Denominación del alimento: Bebida refrescante aromatizada con edulcorantes y aromas naturales de lima y limón. Sin azúcares","Nombre del operador: Compañía de Bebidas Pepsico S.L.","Dirección del operador: Avda. de los Olmos, 2, 01013 - Vitoria","Cantidad Neta: 330 Mililitros"],"ingredients":[" Agua carbonatada, correctores de acidez: E-330, E-296 y E-331, aromas, edulcorantes: aspartamo y acesulfamo K, conservador: E-211. Contiene una fuente de fenilalanina."],"conservation":" Proteger de la luz solar y de olores agresivos. No congelar. Conservar en lugar limpio, fresco y seco. Evitar el contacto directo con el suelo.","ean":"0000087177749"},{"full_name":"SPRITE FRESH refresco de lima limón lata 33 cl","name":"FRESH refresco de lima limón lata 33 cl","brand":"SPRITE ","img":"https://sgfm.elcorteingles.es/SGFM/dctm/MEDIA02/CONTENIDOS/201410/20/00118619700067____2__600x600.jpg","price":"0,38 €","price_unit":"(1,15 € / Litro)","categories":["Supermercado","Bebidas","Agua, Refrescos y Zumos","Refrescos y gaseosa","Refrescos lima limón lata","SPRITE FRESH refresco de lima limón lata 33 cl"],"general_information":["Denominación del alimento: Bebida refrescante de extractos. con azúcares y edulcorantes.","Nombre del operador: CC European Partners Iberia, S.L.U.","Dirección del operador: C/Ribera del Loira 20-22, 28042 - Madrid (España).","Cantidad Neta: 0.33 Litros","Otras menciones obligatorias en la etiqueta: Con azúcares y edulcorantes. Contiene una fuente de fenilalanina."],"ingredients":[" Agua carbonatada, azúcar (Z) o jarabe de glucosa-fructosa (J) (LEYENDA*), correctores de acidez: E-330 y E-331, edulcorantes: E-950, aspartamo y E-959 y aromas naturales de limón y lima. Contiene una fuente de fenilalanina. *LEYENDA: entre paréntesis se podrá leer la siguiente leyenda dependiendo del envase: LATAS: ver código impreso en la base PET, VIDRIO: ver código impreso en el envase o tapón"],"conservation":" Proteger de la luz solar. Preservar de olores agresivos. Conservar en lugar limpio, fresco y seco Envases de 1 l ó más: Conservar refrigerado una vez abierto y consumir preferiblemente antes de 10 días.","ean":"5449000205520"},{"full_name":"SPRITE Zero refresco de lima limón lata 33 cl","name":"Zero refresco de lima limón lata 33 cl","brand":"SPRITE ","img":"https://sgfm.elcorteingles.es/SGFM/00/28/1/0118619700281/0118619700281000g01011.jpg","price":"0,38 €","price_unit":"(1,15 € / Litro)","categories":["Supermercado","Bebidas","Agua, Refrescos y Zumos","Refrescos y gaseosa","Refrescos lima limón lata","SPRITE Zero refresco de lima limón lata 33 cl"],"general_information":["Denominación del alimento: Bebida refrescante de extractos. con edulcorantes","Nombre del operador: Coca-Cola European Partners Iberia, S.L.U.","Dirección del operador: C/Ribera del Loira 20-22, 28042 - Madrid (España).","Cantidad Neta: 0.33 Litros"],"ingredients":[" Agua carbonatada, correctores de acidez: E-330 y E-331, edulcorantes: E-952, E-950 y aspartamo y aromas naturales de limón y lima. Contiene una fuente de fenilalanina."],"ean":"5449000006561"},{"full_name":"LAIMON FRESH refresco de lima limón y menta con gas 100% ingredientes naturales lata 33 cl","name":"refresco de lima limón y menta con gas 100% ingredientes naturales lata 33 cl","brand":"LAIMON FRESH ","img":"https://sgfm.elcorteingles.es/SGFM/00/44/8/0118619700448/0118619700448000g01011.jpg","price":"0,61 €","price_unit":"(1,85 € / Litro)","categories":["Supermercado","Bebidas","Agua, Refrescos y Zumos","Refrescos y gaseosa","Refrescos lima limón lata","LAIMON FRESH refresco de lima limón y menta con gas 100% ingredientes naturales lata 33 cl"],"general_information":["Denominación del alimento: BEBIDA REFRESCANTE DE LIMA-LIMÓN Y MENTA 33 cl","País de origen: Italia","Nombre del operador: Sanmy S.A.","Dirección del operador: Carretera de Castellar del Vallés nº 586 - 08227 Terrassa (Barcelona)","Cantidad Neta: 33 Centilitros"],"ingredients":[" Agua carbonatada, azúcar, zumo de manzana a partir de concentrado 4,1 %, zumo de lima a partir de concentrado 3,8 %, aromas naturales de lima, limón y menta."],"conservation":" Conservar en lugar fresco, protegido de la luz solar y en ausencia de olores agresivos","ean":"8410470300012"},{"full_name":"MOUNTAIN DEW Electric Citrus refresco de lima limón lata 33 cl","name":"Electric Citrus refresco de lima limón lata 33 cl","brand":"MOUNTAIN DEW ","img":"https://sgfm.elcorteingles.es/SGFM/dctm/MEDIA03/201702/16/00118619700505____2__600x600.jpg","price":"0,57 €","price_unit":"(1,73 € / Litro)","categories":["Supermercado","Bebidas","Agua, Refrescos y Zumos","Refrescos y gaseosa","Refrescos lima limón lata","MOUNTAIN DEW Electric Citrus refresco de lima limón lata 33 cl"],"general_information":["Denominación del alimento: Bebida refrescante aromatizada. Con azúcar y edulcorantes.","Nombre del operador: Compañía de Bebidas Pepsico, S.L.","Dirección del operador: Avda. de los Olmos, 2, 01013 - Vitoria","Cantidad Neta: 330 Mililitros"],"ingredients":[" Agua carbonatada, azúcar, acidulante (E-330), aromas (incluyendo cafeína), antioxidante (E-300), conservante (E-202), edulcorantes (acesulfamo K, sucralosa), estabilizantes (E-414, E-445), colorante (E-160a)."],"conservation":" Proteger de la luz solar y de olores agresivos. No congelar. Conservar en lugar limpio, fresco y seco. Evitar el contacto directo con el suelo.","ean":"4060800144850"},{"full_name":"ALIADA refresco lima limón botella 2 l","name":"refresco lima limón botella 2 l","brand":"ALIADA ","img":"https://sgfm.elcorteingles.es/SGFM/dctm/MEDIA03/201610/17/00118619700398____1__600x600.jpg","price":"0,59 €","price_unit":"(0,30 € / Litro)","categories":["Supermercado","Bebidas","Agua, Refrescos y Zumos","Refrescos y gaseosa","Refrescos lima limón botella","ALIADA refresco lima limón botella 2 l"],"general_information":["Denominación del alimento: BEBIDA REFRESCANTE GASEOSA. CON AZÚCAR Y EDULCORANTE.","Nombre del operador: Elaborado para\nEl  Grupo El Corte Inglés\nHermosilla, 112 - 28009 Madrid ? España \npor CIF A-83745695","Número de raciones por envase: 10"],"ingredients":[" Ingredientes: Agua carbonatada, azúcar, aroma, acidulantes (E-330, E-296), corrector de acidez (E-331 iii), edulcorante (E-955)."],"conservation":" Conservar alejado de la luz solar y de olores agresivos. Una vez abierto, mantener en el frigorífico y consumir en el plazo de 3 días.","ean":"8433329063234"},{"full_name":"SEVEN UP refresco de lima limón sin colorantes y sin aromas artificiales pack 2 botellas 2 l","name":"refresco de lima limón sin colorantes y sin aromas artificiales pack 2 botellas 2 l","brand":"SEVEN UP ","img":"https://sgfm.elcorteingles.es/SGFM/dctm/MEDIA02/CONTENIDOS/201509/22/00118619700026____1__600x600.jpg","price":"2,10 €","price_unit":"(1,05 € / Litro)","categories":["Supermercado","Bebidas","Agua, Refrescos y Zumos","Refrescos y gaseosa","Refrescos lima limón botella","SEVEN UP refresco de lima limón sin colorantes y sin aromas artificiales pack 2 botellas 2 l"],"general_information":["Denominación del alimento: Bebida refrescante aromatizada con aromas naturales de limón y lima. Con azúcar y edulcorante.","Nombre del operador: Compañía de Bebidas Pepsico S.L.","Dirección del operador: Avda. de los Olmos, 2, 01013 - Vitoria","Cantidad Neta: 4 Litros"],"ingredients":[" Agua carbonatada, azúcar, acidulantes (E-330, E-296), aroma natural de limón y lima, regulador de acidez (E-331), edulcorante (glucósidos de esteviol)."],"conservation":" Proteger de la luz solar y de olores agresivos. No congelar. Conservar en lugar limpio, fresco y seco. Evitar el contacto directo con el suelo.","ean":"4060800103598"},{"full_name":"SEVEN UP refresco de lima limón sin colorantes y sin aromas artificiales botella 2 l","name":"refresco de lima limón sin colorantes y sin aromas artificiales botella 2 l","brand":"SEVEN UP ","img":"https://sgfm.elcorteingles.es/SGFM/dctm/MEDIA02/CONTENIDOS/201509/22/00118619700059____1__600x600.jpg","price":"1,09 €","price_unit":"(0,54 € / Litro)","categories":["Supermercado","Bebidas","Agua, Refrescos y Zumos","Refrescos y gaseosa","Refrescos lima limón botella","SEVEN UP refresco de lima limón sin colorantes y sin aromas artificiales botella 2 l"],"general_information":["Denominación del alimento: Bebida refrescante aromatizada con aromas naturales de limón y lima. Con azúcar y edulcorante.","Nombre del operador: Compañía de Bebidas Pepsico S.L.","Dirección del operador: Avda. de los Olmos, 2, 01013 - Vitoria","Cantidad Neta: 2 Litros"],"ingredients":[" Agua carbonatada, azúcar, acidulantes (E-330, E-296), aroma natural de limón y lima, regulador de acidez (E-331), edulcorante (glucósidos de esteviol)."],"conservation":" Proteger de la luz solar y de olores agresivos. No congelar. Conservar en lugar limpio, fresco y seco. Evitar el contacto directo con el suelo.","ean":"8717700002105"},{"full_name":"SEVEN UP refresco de lima limón sin colorantes y sin aromas artificiales botella 33 cl","name":"refresco de lima limón sin colorantes y sin aromas artificiales botella 33 cl","brand":"SEVEN UP ","img":"https://sgfm.elcorteingles.es/SGFM/dctm/MEDIA03/201702/13/00118619700042____2__600x600.jpg","price":"0,56 €","price_unit":"(1,70 € / Litro)","categories":["Supermercado","Bebidas","Agua, Refrescos y Zumos","Refrescos y gaseosa","Refrescos lima limón botella","SEVEN UP refresco de lima limón sin colorantes y sin aromas artificiales botella 33 cl"],"general_information":["Denominación del alimento: Bebida refrescante aromatizada con aromas naturales de limón y lima. Con azúcar y edulcorante.","Nombre del operador: Compañía de Bebidas Pepsico S.L.","Dirección del operador: Avda. de los Olmos, 2, 01013 - Vitoria","Cantidad Neta: 330 Mililitros"],"ingredients":[" Agua carbonatada, azúcar, acidulantes (E-330, E-296), aroma natural de limón y lima, regulador de acidez (E-331), edulcorante (glucósidos de esteviol)."],"conservation":" Proteger de la luz solar y de olores agresivos. No congelar. Conservar en lugar limpio, fresco y seco. Evitar el contacto directo con el suelo.","ean":"0000087170368"},{"full_name":"SEVEN UP Free zero azúcar refresco de lima limón sin colorantes y sin aromas artificiales botella 2 l","name":"Free zero azúcar refresco de lima limón sin colorantes y sin aromas artificiales botella 2 l","brand":"SEVEN UP ","img":"https://sgfm.elcorteingles.es/SGFM/dctm/MEDIA02/CONTENIDOS/201509/22/00118619700117____1__600x600.jpg","price":"1,09 €","price_unit":"(0,54 € / Litro)","categories":["Supermercado","Bebidas","Agua, Refrescos y Zumos","Refrescos y gaseosa","Refrescos lima limón botella","SEVEN UP Free zero azúcar refresco de lima limón sin colorantes y sin aromas artificiales botella 2 l"],"general_information":["Denominación del alimento: Bebida refrescante aromatizada con edulcorantes y aromas naturales de lima y limón. Sin azúcares","Nombre del operador: Compañía de Bebidas Pepsico S.L.","Dirección del operador: Avda. de los Olmos, 2, 01013 - Vitoria","Cantidad Neta: 2 Litros"],"ingredients":[" Agua carbonatada, correctores de acidez: E-330, E-296 y E-331, aromas, edulcorantes: aspartamo y acesulfamo K, conservador: E-211. Contiene una fuente de fenilalanina."],"conservation":" Proteger de la luz solar y de olores agresivos. No congelar. Conservar en lugar limpio, fresco y seco. Evitar el contacto directo con el suelo.","ean":"8717700002402"},{"full_name":"SPRITE refresco de lima limón pack 2 botellas 2 l","name":"refresco de lima limón pack 2 botellas 2 l","brand":"SPRITE ","img":"https://sgfm.elcorteingles.es/SGFM/dctm/MEDIA03/201710/19/00118619700588____1__600x600.jpg","price":"1,96 €","categories":["Supermercado","Bebidas","Agua, Refrescos y Zumos","Refrescos y gaseosa","Refrescos lima limón botella","SPRITE refresco de lima limón pack 2 botellas 2 l"],"general_information":["Denominación del alimento: Bebida refrescante de extractos. con azúcares y edulcorantes.","Nombre del operador: CC European Partners Iberia, S.L.U.","Dirección del operador: C/Ribera del Loira 20-22, 28042 - Madrid (España).","Cantidad Neta: 4 Litros","Otras menciones obligatorias en la etiqueta: Con azúcares y edulcorantes. Contiene una fuente de fenilalanina."],"ingredients":[" Agua carbonatada, azúcar (Z) o jarabe de glucosa-fructosa (J) (LEYENDA*), correctores de acidez: E-330 y E-331, edulcorantes: E-950, aspartamo y E-959 y aromas naturales de limón y lima. Contiene una fuente de fenilalanina. *LEYENDA: entre paréntesis se podrá leer la siguiente leyenda dependiendo del envase: LATAS: ver código impreso en la base PET, VIDRIO: ver código impreso en el envase o tapón"],"conservation":" Proteger de la luz solar. Preservar de olores agresivos. Conservar en lugar limpio, fresco y seco Envases de 1 l ó más: Conservar refrigerado una vez abierto y consumir preferiblemente antes de 10 días.","ean":"5449000664211"},{"full_name":"SPRITE FRESH refresco de lima limón botella 2,25 l","name":"FRESH refresco de lima limón botella 2,25 l","brand":"SPRITE ","img":"https://sgfm.elcorteingles.es/SGFM//00/12/5/0118619700125/0118619700125000g01011.jpg","price":"1,09 €","price_unit":"(0,54 € / Litro)","categories":["Supermercado","Bebidas","Agua, Refrescos y Zumos","Refrescos y gaseosa","Refrescos lima limón botella","SPRITE FRESH refresco de lima limón botella 2,25 l"],"general_information":["Denominación del alimento: Bebida refrescante de extractos. con azúcares y edulcorantes.","Nombre del operador: CC European Partners Iberia, S.L.U.","Dirección del operador: C/Ribera del Loira 20-22, 28042 - Madrid (España).","Cantidad Neta: 2 Litros","Otras menciones obligatorias en la etiqueta: Con azúcares y edulcorantes. Contiene una fuente de fenilalanina."],"ingredients":[" Agua carbonatada, azúcar (Z) o jarabe de glucosa-fructosa (J) (LEYENDA*), correctores de acidez: E-330 y E-331, edulcorantes: E-950, aspartamo y E-959 y aromas naturales de limón y lima. Contiene una fuente de fenilalanina. *LEYENDA: entre paréntesis se podrá leer la siguiente leyenda dependiendo del envase: LATAS: ver código impreso en la base PET, VIDRIO: ver código impreso en el envase o tapón"],"conservation":" Proteger de la luz solar. Preservar de olores agresivos. Conservar en lugar limpio, fresco y seco Envases de 1 l ó más: Conservar refrigerado una vez abierto y consumir preferiblemente antes de 10 días.","ean":"5449000205568"},{"full_name":"SPRITE Zero refresco lima limón botella 2,25 l","name":"Zero refresco lima limón botella 2,25 l","brand":"SPRITE ","img":"https://sgfm.elcorteingles.es/SGFM/dctm/MEDIA03/201607/08/00118619700257____1__600x600.jpg","price":"1,28 €","price_unit":"(0,64 € / Litro)","categories":["Supermercado","Bebidas","Agua, Refrescos y Zumos","Refrescos y gaseosa","Refrescos lima limón botella","SPRITE Zero refresco lima limón botella 2,25 l"],"general_information":["Denominación del alimento: Bebida refrescante de extractos. con edulcorantes","Nombre del operador: CC European Partners Iberia, S.L.U.","Dirección del operador: C/Ribera del Loira 20-22, 28042 - Madrid (España).","Cantidad Neta: 2 Litros","Otras menciones obligatorias en la etiqueta: Todo el sabor zero azúcares."],"ingredients":[" Agua carbonatada, correctores de acidez: E-330 y E-331, edulcorantes: E-952, E-950 y aspartamo y aromas naturales de limón y lima. Contiene una fuente de fenilalanina."],"conservation":" Proteger de la luz solar. Preservar de olores agresivos. Conservar en lugar limpio, fresco y seco. Envases de 1 l ó más: Conservar refrigerado una vez abierto y consumir preferiblemente antes de 10 días","ean":"5449000104885"},{"full_name":"MOUNTAIN DEW Energy refresco lima limon botella 50 cl","name":"Energy refresco lima limon botella 50 cl","brand":"MOUNTAIN DEW ","img":"https://sgfm.elcorteingles.es/SGFM/dctm/MEDIA03/201702/16/00118619700497____3__600x600.jpg","price":"0,85 €","price_unit":"(1,70 € / Litro)","categories":["Supermercado","Bebidas","Agua, Refrescos y Zumos","Refrescos y gaseosa","Refrescos lima limón botella","MOUNTAIN DEW Energy refresco lima limon botella 50 cl"],"general_information":["Denominación del alimento: Bebida refrescante aromatizada. Con azúcar y edulcorantes.","Nombre del operador: Compañía de Bebidas Pepsico, S.L.","Dirección del operador: Avda. de los Olmos, 2, 01013 - Vitoria","Cantidad Neta: 500 Mililitros"],"ingredients":[" Agua carbonatada, azúcar, acidulante (E-330), aromas (incluyendo cafeína), antioxidante (E-300), conservante (E-202), edulcorantes (acesulfamo K, sucralosa), estabilizantes (E-414, E-445), colorante (E-160a)."],"conservation":" Proteger de la luz solar y de olores agresivos. No congelar. Conservar en lugar limpio, fresco y seco. Evitar el contacto directo con el suelo.","ean":"4060800144874"},{"full_name":"LAIMON FRESH refresco de lima limón y menta con gas 100% ingredientes naturales botella 1,5 l","name":"refresco de lima limón y menta con gas 100% ingredientes naturales botella 1,5 l","brand":"LAIMON FRESH ","img":"https://sgfm.elcorteingles.es/SGFM/00/45/5/0118619700455/0118619700455000g01011.jpg","price":"1,36 €","price_unit":"(0,91 € / Litro)","categories":["Supermercado","Bebidas","Agua, Refrescos y Zumos","Refrescos y gaseosa","Refrescos lima limón botella","LAIMON FRESH refresco de lima limón y menta con gas 100% ingredientes naturales botella 1,5 l"],"general_information":["Denominación del alimento: Bebida refrescante de lima-limón y menta","País de origen: Italia","Nombre del operador: Sanmy SA","Dirección del operador: Ctra. de Castellar núm 586 - 08227- Terrassa (Barcelona)","Cantidad Neta: 1.5 Litros"],"ingredients":[" Agua carbonatada, azúcar, zumo de manzana a partir de concentrado 4,4 %, zumo de lima a partir de concentrado 4,0 %, aromas naturales de lima, limón y menta, emulsión natural estabilizadora"],"conservation":" Conservar en lugar fresco, protegido de la luz solar y en ausencia de olores agresivos","ean":"8410470300036"},{"full_name":"EL CORTE INGLES limonada envase 750 ml","name":"limonada envase 750 ml","brand":"EL CORTE INGLES ","img":"https://sgfm.elcorteingles.es/SGFM/00/58/9/0118827100589/0118827100589000g01011.jpg","price":"1,75 €","price_unit":"(2,33 € / Litro)","categories":["Supermercado","Bebidas","Agua, Refrescos y Zumos","Refrescos y gaseosa","Limonada","EL CORTE INGLES limonada envase 750 ml"],"general_information":["Denominación del alimento: BEBIDA REFRESCANTE DE ZUMO DE LIMÓN. CONTENIDO DE ZUMO 24%","Nombre del operador: Elaborado para El Corte Inglés por\nAMC JUICES, S.L., \nCtra.Madrid-Cartagena Km 383\n30100 Espinardo (Murcia) - España","Número de raciones por envase: 3"],"ingredients":[" Ingredientes: Agua, zumo y pulpa de limón (24%), azúcar."],"conservation":" Conservar refrigerado. \nUna vez abierto, consumir en un plazo de 4 días.","ean":"8433329040235"},{"full_name":"MINUTE MAID Limón&Nada clásica botella 1 l","name":"Limón&Nada clásica botella 1 l","brand":"MINUTE MAID ","img":"https://sgfm.elcorteingles.es/SGFM/dctm/MEDIA03/201607/08/00118611200280____1__600x600.jpg","price":"1,46 €            ","price_unit":"(1,27 € / Litro)","categories":["Supermercado","Bebidas","Agua, Refrescos y Zumos","Refrescos y gaseosa","Limonada","MINUTE MAID Limón&Nada clásica botella 1 l"],"general_information":["Denominación del alimento: Bebida refrescante de zumo de frutas.","Nombre del operador: Coca-Cola European Partners Iberia, S.L.U.","Dirección del operador: C/Ribera del Loira 20-22, 28042 - Madrid (España).","Cantidad Neta: 1 Litros"],"ingredients":[" Agua, 13,5% zumo de limón a partir de concentrado, azúcar, pulpa de limón, aromas, antioxidante ácido ascórbico y colorante betacaroteno."],"ean":"5449000142573"},{"full_name":"MINUTE MAID Limón&Nada con hierbabuena botella 1 l","name":"Limón&Nada con hierbabuena botella 1 l","brand":"MINUTE MAID ","img":"https://sgfm.elcorteingles.es/SGFM/dctm/MEDIA03/201607/08/00118611200298____1__600x600.jpg","price":"1,46 €            ","price_unit":"(1,27 € / Litro)","categories":["Supermercado","Bebidas","Agua, Refrescos y Zumos","Refrescos y gaseosa","Limonada","MINUTE MAID Limón&Nada con hierbabuena botella 1 l"],"general_information":["Denominación del alimento: Bebida refrescante de zumo de frutas.","Nombre del operador: Coca-Cola European Partners Iberia, S.L.U.","Dirección del operador: C/Ribera del Loira 20-22, 28042 - Madrid (España).","Cantidad Neta: 1 Litros"],"ingredients":[" Agua, 13,5% zumo de limón a partir de concentrado, azúcar, pulpa de limón, aromas (incluyendo extracto de hierbabuena), antioxidante ácido ascórbico y colorante betacaroteno."],"ean":"5449000142597"},{"full_name":"MINUTE MAID Limón&Nada Ligero botella 1 l","name":"Limón&Nada Ligero botella 1 l","brand":"MINUTE MAID ","img":"https://sgfm.elcorteingles.es/SGFM/dctm/MEDIA03/201607/08/00118611200504____1__600x600.jpg","price":"1,32 €            ","price_unit":"(1,27 € / Litro)","categories":["Supermercado","Bebidas","Agua, Refrescos y Zumos","Refrescos y gaseosa","Limonada","MINUTE MAID Limón&Nada Ligero botella 1 l"],"general_information":["Denominación del alimento: Bebida refrescante de zumo de frutas de valor energético reducido. con azúcar y edulcorante.","Nombre del operador: Coca-Cola European Partners Iberia, S.L.U.","Dirección del operador: C/Ribera del Loira 20-22, 28042 - Madrid (España).","Cantidad Neta: 1 Litros"],"ingredients":[" Agua, zumo de limón a partir de concentrado (9,5%), azúcar, pulpa de limón, antioxidante ácido ascórbico, aromas, edulcorante glucósidos de esteviol y colorante betacoroteno."],"ean":"5449000199676"},{"full_name":"MINUTE MAID Limón&Nada Ligero lata 33 cl","name":"Limón&Nada Ligero lata 33 cl","brand":"MINUTE MAID ","img":"https://sgfm.elcorteingles.es/SGFM/dctm/MEDIA03/201607/08/00118611200520____1__600x600.jpg","price":"0,55 €","price_unit":"(1,67 € / Litro)","categories":["Supermercado","Bebidas","Agua, Refrescos y Zumos","Refrescos y gaseosa","Limonada","MINUTE MAID Limón&Nada Ligero lata 33 cl"],"general_information":["Denominación del alimento: Bebida refrescante de zumo de frutas de valor energético reducido. con azúcar y edulcorante.","Nombre del operador: Coca-Cola European Partners Iberia, S.L.U.","Dirección del operador: C/Ribera del Loira 20-22, 28042 - Madrid (España).","Cantidad Neta: 0.33 Litros"],"ingredients":[" Agua, zumo de limón a partir de concentrado (9,5%), azúcar, pulpa de limón, antioxidante ácido ascórbico, aromas, edulcorante glucósidos de esteviol y colorante betacoroteno."],"ean":"5449000205261"},{"full_name":"DON SIMON limonada natural Light botella 1,5 l","name":"limonada natural Light botella 1,5 l","brand":"DON SIMON ","img":"https://sgfm.elcorteingles.es/SGFM/dctm/MEDIA02/CONTENIDOS/201409/16/00118611200330____2__600x600.jpg","price":"0,97 €","price_unit":"(0,65 € / Litro)","categories":["Supermercado","Bebidas","Agua, Refrescos y Zumos","Refrescos y gaseosa","Limonada","DON SIMON limonada natural Light botella 1,5 l"],"general_information":["Denominación del alimento: Bebida refrescante de zumo de frutas con azúcar y edulcorante. Contenido en zumo: 15%","Nombre del operador: J.G.C.,S.A.","Dirección del operador: C/Jorge Juan 73 28009 Madrid (España)","Cantidad Neta: 2 Litros","Otras menciones obligatorias en la etiqueta: Light. Contiene un 50% menos de azúcares que una limonada normal. No procede de concentrado. La primera elaborada con zumo exprimido. Sin gas."],"ingredients":[" Agua, zumo de limón (15%), azúcar, antioxidante: ácido ascórbico, aromas, colorante: beta caroteno y edulcorante: sucralosa"],"conservation":" Una vez abierto conservar refrigerado y consumir antes de transcurridos 5 días","ean":"8410261657424"},{"full_name":"SAN PELLEGRINO limonada lata 33 cl","name":"limonada lata 33 cl","brand":"SAN PELLEGRINO ","img":"https://sgfm.elcorteingles.es/SGFM/dctm/MEDIA03/201606/22/00118631900943____2__600x600.jpg","price":"0,89 €","price_unit":"(2,70 € / Litro)","categories":["Supermercado","Bebidas","Agua, Refrescos y Zumos","Refrescos y gaseosa","Limonada","SAN PELLEGRINO limonada lata 33 cl"],"general_information":["Denominación del alimento: Bebida Refrescante","Nombre del operador: NESTLÉ ESPAÑA, S.A.","Dirección del operador: Edificio Nestlé, 08950 Esplugues de Llobregat (Barcelona)","Cantidad Neta: 330 Mililitros"],"ingredients":[" Agua, Zumo de limón procedente de concentrado (16%), Azúcar, Ácido Carbónico, Aroma Natural de limón, abtuixudabte-, L-Ácido Ascórbico"],"conservation":" Conservar en lugar limpio, fresco y seco, proteger de la luz solar y evitar la congelación","ean":"8002270856501"},{"full_name":"ZUMOSOL Limonísima La Fresca con un toque de hierbabuena botella 850 ml","name":"Limonísima La Fresca con un toque de hierbabuena botella 850 ml","brand":"ZUMOSOL ","img":"https://sgfm.elcorteingles.es/SGFM/dctm/MEDIA03/201607/08/00118611200553____1__600x600.jpg","price":"1,40 €","price_unit":"(1,65 € / Litro)","categories":["Supermercado","Bebidas","Agua, Refrescos y Zumos","Refrescos y gaseosa","Limonada","ZUMOSOL Limonísima La Fresca con un toque de hierbabuena botella 850 ml"],"general_information":["Denominación del alimento: Bebida Refrescante de Zumo de Frutas","Nombre del operador: Zumos Palma S.L.U","Dirección del operador: Pol. Industrial Mataché, Parc 18-53, 14700 Palma del Río, Córdoba.","Cantidad Neta: 850 Mililitros"],"ingredients":[" Agua, extracto de kaki, zumo exprimido de limón (16%), acidulante (acido citrico), vitamina C, aroma."],"conservation":" Una vez abierto el envase para conservar todas las propiedades conservese en el frigorifico y consumir en un maximo de 4 dias","ean":"8435425104675"},{"full_name":"ZUMOSOL Limonísima La Rosa con un toque de arándanos botella 850 ml","name":"Limonísima La Rosa con un toque de arándanos botella 850 ml","brand":"ZUMOSOL ","img":"https://sgfm.elcorteingles.es/SGFM/dctm/MEDIA03/201607/08/00118611200561____1__600x600.jpg","price":"1,40 €","price_unit":"(1,65 € / Litro)","categories":["Supermercado","Bebidas","Agua, Refrescos y Zumos","Refrescos y gaseosa","Limonada","ZUMOSOL Limonísima La Rosa con un toque de arándanos botella 850 ml"],"general_information":["Denominación del alimento: Bebida Refrescante de Zumo de Frutas","Nombre del operador: Zumos Palma S.L.U","Dirección del operador: Pol. Industrial Mataché, Parc 18-53, 14700 Palma del Río, Córdoba.","Cantidad Neta: 850 Mililitros"],"ingredients":[" Agua, extracto de kaki, zumo exprimido de limón (15%) y arandanos (1%), acidulante (acido citrico), vitamina C, aroma."],"conservation":" Una vez abierto el envase para conservar todas las propiedades conservese en el frigorifico y consumir en un maximo de 4 dias","ean":"8435425104705"},{"full_name":"SOU TONIC tónica premium exotic Indian tonic lata 33 cl","name":"tónica premium exotic Indian tonic lata 33 cl","brand":"SOU TONIC ","img":"https://sgfm.elcorteingles.es/SGFM/dctm/MEDIA03/201706/26/00118613500984____1__600x600.jpg","price":"0,86 €","categories":["Supermercado","Bebidas","Agua, Refrescos y Zumos","Refrescos y gaseosa","Tónica lata","SOU TONIC tónica premium exotic Indian tonic lata 33 cl"],"general_information":["Denominación del alimento: Sou Tonic India 0,33 cl Lata","Nombre del operador: Aguas Minerales de Firgas S.A.","Dirección del operador: Autovía GC 2 Km 3, 35010. Las Palmas de Gran Canaria.","Cantidad Neta: 0.33 Litros"],"ingredients":[" INGREDIENTES: AGUA CARBONATADA, AZUCAR, ADICULANTE: ACIDA CITRICO, AROMAS NATURALES ( INCLUYENDO QUININA NATURAL)"],"conservation":" Proteger de la luz solar y de alta temperaturas. Una vez abierto conservar en el frigorífico.","ean":"8411395532786"},{"full_name":"SOU TONIC tónica premium floral botanicals pink lata 33 cl","name":"tónica premium floral botanicals pink lata 33 cl","brand":"SOU TONIC ","img":"https://sgfm.elcorteingles.es/SGFM/dctm/MEDIA03/201706/26/00118613500992____1__600x600.jpg","price":"0,86 €","categories":["Supermercado","Bebidas","Agua, Refrescos y Zumos","Refrescos y gaseosa","Tónica lata","SOU TONIC tónica premium floral botanicals pink lata 33 cl"],"general_information":["Denominación del alimento: Sou Tonic Floral Botanicals (Pink) 0,33 cl Lata","Nombre del operador: Aguas Minerales de Firgas S.A.","Dirección del operador: Autovía GC 2 Km 3, 35010. Las Palmas de Gran Canaria.","Cantidad Neta: 0.33 Litros"],"ingredients":[" INGREDIENTES: AGUA CARBONATADA, AZUCAR, ADICULANTE: ACIDA CITRICO, AROMAS NATURALES ( INCLUYENDO QUININA NATURAL) COLORANTE E -163"],"conservation":" Proteger de la luz solar y de alta temperaturas. Una vez abierto conservar en el frigorífico.","ean":"8411395533783"},{"full_name":"SCHWEPPES tónica pack 6 latas 33 cl","name":"tónica pack 6 latas 33 cl","brand":"SCHWEPPES ","img":"https://sgfm.elcorteingles.es/SGFM/00/13/3/0118613500133/0118613500133000g01011.jpg","price":"3,56 €            ","price_unit":"(9,09 € / Litro)","categories":["Supermercado","Bebidas","Agua, Refrescos y Zumos","Refrescos y gaseosa","Tónica lata","SCHWEPPES tónica pack 6 latas 33 cl"],"general_information":["Denominación del alimento: Bebida refrescante de extractos. Contiene quinina.","Nombre del operador: Schweppes, S.A. \"Envasado con licencia de schweppes international limited.\"","Dirección del operador: Pº Castellana 202, 28046 Madrid","Cantidad Neta: 198 Centilitros"],"ingredients":[" Agua, azúcar, jarabe de glucosa y fructosa, anhídrido carbónico, acidulante: ácido cítrico, aromas naturales, aroma quinina."],"conservation":" Mantener en lugar fresco y seco. Proteger de la luz solar y de olores intensos.","ean":"8414100304456"},{"full_name":"SCHWEPPES tónica lata 33 cl","name":"tónica lata 33 cl","brand":"SCHWEPPES ","img":"https://sgfm.elcorteingles.es/SGFM/dctm/MEDIA02/CONTENIDOS/201508/06/00118613500067____3__600x600.jpg","price":"0,66 €","price_unit":"(2 € / Litro)","categories":["Supermercado","Bebidas","Agua, Refrescos y Zumos","Refrescos y gaseosa","Tónica lata","SCHWEPPES tónica lata 33 cl"],"general_information":["Denominación del alimento: Bebida refrescante de extractos. Contiene quinina.","Nombre del operador: Schweppes, S.A. \"Envasado con licencia de schweppes international limited.\"","Dirección del operador: Pº Castellana 202, 28046 Madrid","Cantidad Neta: 33 Centilitros"],"ingredients":[" Agua, azúcar, jarabe de glucosa y fructosa, anhídrido carbónico, acidulante: ácido cítrico, aromas naturales, aroma quinina."],"conservation":" Mantener en lugar fresco y seco. Proteger de la luz solar y de olores intensos.","ean":"8414100317357"},{"full_name":"SCHWEPPES tónica Zero Calorías lata 33 cl","name":"tónica Zero Calorías lata 33 cl","brand":"SCHWEPPES ","img":"https://sgfm.elcorteingles.es/SGFM/dctm/MEDIA03/201606/13/00118613500034____2__600x600.jpg","price":"0,66 €","price_unit":"(2 € / Litro)","categories":["Supermercado","Bebidas","Agua, Refrescos y Zumos","Refrescos y gaseosa","Tónica lata","SCHWEPPES tónica Zero Calorías lata 33 cl"],"general_information":["Denominación del alimento: Bebida refrescante de extractos. Con edulcorantes. Contiene quinina.","Nombre del operador: Schweppes, S.A. \"Envasado con licencia de schweppes international limited.\"","Dirección del operador: Pº Castellana 202, 28046 Madrid","Cantidad Neta: 33 Centilitros"],"ingredients":[" Agua, anhídrido carbónico, acidulante: ácido cítrico, aromas naturales, edulcorantes: E-952, E-950 y E-954, aroma quinina."],"conservation":" Mantener en lugar fresco y seco. Proteger de la luz solar y de olores intensos.","ean":"8414100304753"},{"full_name":"SCHWEPPES tónica original pack 12 latas 25 cl","name":"tónica original pack 12 latas 25 cl","brand":"SCHWEPPES ","img":"https://sgfm.elcorteingles.es/SGFM/dctm/MEDIA03/201604/20/00118613500893____1__600x600.jpg","price":"5,20 €","price_unit":"(1,73 € / Litro)","categories":["Supermercado","Bebidas","Agua, Refrescos y Zumos","Refrescos y gaseosa","Tónica lata","SCHWEPPES tónica original pack 12 latas 25 cl"],"general_information":["Denominación del alimento: Bebida refrescante de extractos. Contiene quinina.","Nombre del operador: Schweppes, S.A. \"Envasado con licencia de schweppes international limited.\"","Dirección del operador: Pº Castellana 202, 28046 Madrid","Cantidad Neta: 300 Centilitros"],"ingredients":[" Agua, azúcar, jarabe de glucosa y fructosa, anhídrido carbónico, acidulante: ácido cítrico, aromas naturales, aroma quinina."],"conservation":" Mantener en lugar fresco y seco. Proteger de la luz solar y de olores intensos.","ean":"8414100332848"},{"full_name":"SCHWEPPES tónica lata 25 cl","name":"tónica lata 25 cl","brand":"SCHWEPPES ","img":"https://sgfm.elcorteingles.es/SGFM/dctm/MEDIA03/201704/28/00118613500489____2__600x600.jpg","price":"0,50 €","price_unit":"(2 € / Litro)","categories":["Supermercado","Bebidas","Agua, Refrescos y Zumos","Refrescos y gaseosa","Tónica lata","SCHWEPPES tónica lata 25 cl"],"general_information":["Denominación del alimento: Bebida refrescante de extractos. Contiene quinina.","Nombre del operador: Schweppes, S.A. \"Envasado con licencia de schweppes international limited.\"","Dirección del operador: Pº Castellana 202, 28046 Madrid","Cantidad Neta: 25 Centilitros"],"ingredients":[" Agua, azúcar, jarabe de glucosa y fructosa, anhídrido carbónico, acidulante: ácido cítrico, aromas naturales, aroma quinina."],"conservation":" Mantener en lugar fresco y seco. Proteger de la luz solar y de olores intensos.","ean":"8414100333142"},{"full_name":"SCHWEPPES Zero tónica sin calorías lata 25 cl","name":"Zero tónica sin calorías lata 25 cl","brand":"SCHWEPPES ","img":"https://sgfm.elcorteingles.es/SGFM/dctm/MEDIA03/201604/25/00118613500901____1__600x600.jpg","price":"0,50 €","price_unit":"(2 € / Litro)","categories":["Supermercado","Bebidas","Agua, Refrescos y Zumos","Refrescos y gaseosa","Tónica lata","SCHWEPPES Zero tónica sin calorías lata 25 cl"],"general_information":["Denominación del alimento: Bebida refrescante de extractos. Con edulcorantes. Contiene quinina.","Nombre del operador: Schweppes, S.A. \"Envasado con licencia de schweppes international limited.\"","Dirección del operador: Pº Castellana 202, 28046 Madrid","Cantidad Neta: 25 Centilitros"],"ingredients":[" Agua, anhídrido carbónico, acidulante: ácido cítrico, aromas naturales, edulcorantes: E-952, E-950 y E-954, aroma quinina."],"conservation":" Mantener en lugar fresco y seco. Proteger de la luz solar y de olores intensos.","ean":"8414100333241"},{"full_name":"SCHWEPPES tónica Ginger Ale lata 25 cl","name":"tónica Ginger Ale lata 25 cl","brand":"SCHWEPPES ","img":"https://sgfm.elcorteingles.es/SGFM/dctm/MEDIA03/201604/25/00118632400216____1__600x600.jpg","price":"0,50 €","price_unit":"(2 € / Litro)","categories":["Supermercado","Bebidas","Agua, Refrescos y Zumos","Refrescos y gaseosa","Tónica lata","SCHWEPPES tónica Ginger Ale lata 25 cl"],"general_information":["Denominación del alimento: Bebida refrescante de extractos.","Nombre del operador: Schweppes, S.A. \"Envasado con licencia de schweppes international limited.\"","Dirección del operador: Pº Castellana 202, 28046 Madrid","Cantidad Neta: 25 Centilitros"],"ingredients":[" Agua, azúcar, anhídrido carbónico, reguladores de acidez: ácido cítrico y citrato trisódico, aroma natural de jengibre con otros aromas naturales (0,1%),  colorante: E-150d."],"conservation":" Mantener en lugar fresco y seco. Proteger de la luz solar y de olores intensos.","ean":"8414100333340"},{"full_name":"NORDIC Mist tónica lata 25 cl","name":"Mist tónica lata 25 cl","brand":"NORDIC ","img":"https://sgfm.elcorteingles.es/SGFM/dctm/MEDIA03/201606/22/00118613500075____3__600x600.jpg","price":"0,50 €            ","price_unit":"(1,84 € / Litro)","categories":["Supermercado","Bebidas","Agua, Refrescos y Zumos","Refrescos y gaseosa","Tónica lata","NORDIC Mist tónica lata 25 cl"],"general_information":["Denominación del alimento: Bebida refrescante de extractos","Nombre del operador: Coca-Cola European Partners Iberia, S.L.U.","Dirección del operador: C/Ribera del Loira 20-22, 28042 - Madrid (España).","Cantidad Neta: 0.25 Litros"],"ingredients":[" Agua carbonatada, azúcar (Z) o jarabe de glucosa-fructosa (J) (LEYENDA), acidulante ácido cítrico, aromas naturales (incluyendo quinina). *LEYENDA: - LATAS: ver código impreso en la base. - PET, VIDRIO: ver código impreso en el envase o tapón."],"ean":"5449000039231"},{"full_name":"NORDIC Blue tónica lata 25 cl","name":"Blue tónica lata 25 cl","brand":"NORDIC ","img":"https://sgfm.elcorteingles.es/SGFM/dctm/MEDIA03/201606/22/00118613500646____2__600x600.jpg","price":"0,46 €","price_unit":"(1,84 € / Litro)","categories":["Supermercado","Bebidas","Agua, Refrescos y Zumos","Refrescos y gaseosa","Tónica lata","NORDIC Blue tónica lata 25 cl"],"general_information":["Denominación del alimento: Bebida refrescante de extractos","Nombre del operador: Coca-Cola European Partners Iberia, S.L.U.","Dirección del operador: C/Ribera del Loira 20-22, 28042 - Madrid (España).","Cantidad Neta: 0.25 Litros"],"ingredients":[" Agua carbonatada, azúcar, acidulante E-330, aromas y colorantes: E-133 y E-151"],"ean":"5449000204967"},{"full_name":"NORDIC Mist Zero calorías tónica lata 25 cl","name":"Mist Zero calorías tónica lata 25 cl","brand":"NORDIC ","img":"https://sgfm.elcorteingles.es/SGFM/dctm/MEDIA02/CONTENIDOS/201507/03/00118613500794____1__600x600.jpg","price":"0,46 €","price_unit":"(1,84 € / Litro)","categories":["Supermercado","Bebidas","Agua, Refrescos y Zumos","Refrescos y gaseosa","Tónica lata","NORDIC Mist Zero calorías tónica lata 25 cl"],"general_information":["Denominación del alimento: Bebida refrescante de extractos. con edulcorantes","Nombre del operador: Coca-Cola European Partners Iberia, S.L.U.","Dirección del operador: C/Ribera del Loira 20-22, 28042 - Madrid (España).","Cantidad Neta: 0.25 Litros"],"ingredients":[" Agua carbonatada, acidulante: ácido cítrico, edulcorantes: E-950 y E-955 y aromas naturales (incluyendo quinina)."],"ean":"5449000034403"},{"full_name":"KAS BLUE TONIC tónica lata 25 cl","name":"tónica lata 25 cl","brand":"KAS BLUE TONIC ","img":"https://sgfm.elcorteingles.es/SGFM/dctm/MEDIA02/CONTENIDOS/201509/22/00118613500315____1__600x600.jpg","price":"0,47 €","price_unit":"(1,88 € / Litro)","categories":["Supermercado","Bebidas","Agua, Refrescos y Zumos","Refrescos y gaseosa","Tónica lata","KAS BLUE TONIC tónica lata 25 cl"],"general_information":["Denominación del alimento: Bebida refrescante de extractos con azúcares y edulcorante","Nombre del operador: Compañía de Bebidas Pepsico, s.l.","Dirección del operador: Avda. de los Olmos, 2, 01013 - Vitoria","Cantidad Neta: 250 Mililitros"],"ingredients":[" Agua carbonatada, jarabe de glucosa y fructosa, acidulante: E-330, aromas (extractos cítricos y quinina), edulcorante: E-955."],"conservation":" Proteger de la luz solar y de olores agresivos. No congelar. Conservar en lugar limpio, fresco y seco. Evitar el contacto directo con el suelo.","ean":"8410408010341"},{"full_name":"1724 tónica pack 6 latas 20 cl","name":"tónica pack 6 latas 20 cl","brand":"1724 ","img":"https://sgfm.elcorteingles.es/SGFM/dctm/MEDIA03/201711/06/00118613500950____6__600x600.jpg","price":"6,95 €","price_unit":"(34,75 € / Litro)","categories":["Supermercado","Bebidas","Agua, Refrescos y Zumos","Refrescos y gaseosa","Tónica lata","1724 tónica pack 6 latas 20 cl"],"general_information":[],"ingredients":[],"ean":"8437009805695"},{"full_name":"QYUZU tónica premium con zumo cítrico lata 20 cl","name":"tónica premium con zumo cítrico lata 20 cl","brand":"QYUZU ","img":"https://sgfm.elcorteingles.es/SGFM/dctm/MEDIA02/CONTENIDOS/201411/21/00118613500661____1__600x600.jpg","price":"1,34 €            ","price_unit":"(6,25 € / Litro)","categories":["Supermercado","Bebidas","Agua, Refrescos y Zumos","Refrescos y gaseosa","Tónica lata","QYUZU tónica premium con zumo cítrico lata 20 cl"],"general_information":[],"ingredients":[],"ean":"8437015178004"},{"full_name":"ALIADA tónica botella 1,5 l","name":"tónica botella 1,5 l","brand":"ALIADA ","img":"https://sgfm.elcorteingles.es/SGFM/dctm/MEDIA03/201610/05/00118613500299____1__600x600.jpg","price":"0,58 €","price_unit":"(0,39 € / Litro)","categories":["Supermercado","Bebidas","Agua, Refrescos y Zumos","Refrescos y gaseosa","Tónica botella","ALIADA tónica botella 1,5 l"],"general_information":["Denominación del alimento: BEBIDA REFRESCANTE DE EXTRACTOS. CON AZÚCARES Y EDULCORANTE.","Nombre del operador: Elaborado para\nEl  Grupo El Corte Inglés\nHermosilla, 112 - 28009 Madrid ? España \npor CIF A-83745695","Número de raciones por envase: aproximadament"],"ingredients":[" Ingredientes: Agua carbonatada, azúcar, jarabe de glucosa y fructosa, acidulante (E-330), aroma natural, conservador (E-202), aroma (quinina), edulcorante (E-955)."],"conservation":" Conservar alejado de la luz solar y de olores agresivos. Una vez abierto, mantener en el frigorífico y consumir en el plazo de 3 días.","ean":"8433329063241"},{"full_name":"ALIADA tónica pack 6 botella 20 cl","name":"tónica pack 6 botella 20 cl","brand":"ALIADA ","img":"https://sgfm.elcorteingles.es/SGFM/dctm/MEDIA03/201609/09/00118613500281____1__600x600.jpg","price":"1,42 €","price_unit":"(1,18 € / Litro)","categories":["Supermercado","Bebidas","Agua, Refrescos y Zumos","Refrescos y gaseosa","Tónica botella","ALIADA tónica pack 6 botella 20 cl"],"general_information":["Denominación del alimento: BEBIDA REFRESCANTE DE EXTRACTOS. CON AZÚCARES Y EDULCORANTE.","Nombre del operador: Elaborado para\nEl  Grupo El Corte Inglés\nHermosilla, 112 - 28009 Madrid ? España \npor CIF A-83745695","Número de raciones por envase: 6"],"ingredients":[" Ingredientes: Agua carbonatada, azúcar, jarabe de glucosa y fructosa, acidulante (E-330), aroma natural, conservador (E-202), aroma (quinina), edulcorante (E-955)."],"conservation":" Conservar alejado de la luz solar y de olores agresivos.","ean":"8433329063258"},{"full_name":"SCHWEPPES tónica Original botella 25 cl","name":"tónica Original botella 25 cl","brand":"SCHWEPPES ","img":"https://sgfm.elcorteingles.es/SGFM/dctm/MEDIA03/201605/09/00118613500919____2__600x600.jpg","price":"0,75 €","price_unit":"(3 € / Litro)","categories":["Supermercado","Bebidas","Agua, Refrescos y Zumos","Refrescos y gaseosa","Tónica botella","SCHWEPPES tónica Original botella 25 cl"],"general_information":["Denominación del alimento: Bebida refrescante de extractos. Contiene quinina.","Nombre del operador: Schweppes, S.A. \"Envasado con licencia de schweppes international limited.\"","Dirección del operador: Pº Castellana 202, 28046 Madrid","Cantidad Neta: 25 Centilitros"],"ingredients":[" Agua, azúcar, jarabe de glucosa y fructosa, anhídrido carbónico, acidulante: ácido cítrico, aromas naturales, aroma quinina."],"conservation":" Mantener en lugar fresco y seco. Proteger de la luz solar y de olores intensos.","ean":"8414100244059"},{"full_name":"SCHWEPPES tónica Original botella 1 l","name":"tónica Original botella 1 l","brand":"SCHWEPPES ","img":"https://sgfm.elcorteingles.es/SGFM/dctm/MEDIA02/CONTENIDOS/201505/26/00118613500059____1__600x600.jpg","price":"1,55 €","price_unit":"(1,55 € / Litro)","categories":["Supermercado","Bebidas","Agua, Refrescos y Zumos","Refrescos y gaseosa","Tónica botella","SCHWEPPES tónica Original botella 1 l"],"general_information":[],"ingredients":[],"ean":"8414100314646"},{"full_name":"SCHWEPPES tónica Light botella 1 l","name":"tónica Light botella 1 l","brand":"SCHWEPPES ","img":"https://sgfm.elcorteingles.es/SGFM/dctm/MEDIA02/CONTENIDOS/201506/22/00118613500083____1__600x600.jpg","price":"1,55 €","price_unit":"(1,55 € / Litro)","categories":["Supermercado","Bebidas","Agua, Refrescos y Zumos","Refrescos y gaseosa","Tónica botella","SCHWEPPES tónica Light botella 1 l"],"general_information":["Denominación del alimento: Bebida refrescante de extractos. Con edulcorantes. Contiene quinina.","Nombre del operador: Schweppes, S.A. \"Envasado con licencia de schweppes international limited.\"","Dirección del operador: Pº Castellana 202, 28046 Madrid","Cantidad Neta: 1 Litros"],"ingredients":[" Agua, anhídrido carbónico, acidulante: ácido cítrico, aromas naturales, edulcorantes: E-952, E-950 y E-954, aroma quinina."],"conservation":" Mantener en lugar fresco y seco. Proteger de la luz solar y de olores intensos.","ean":"8414100301240"},{"full_name":"SCHWEPPES tónica limón botella 25 cl","name":"tónica limón botella 25 cl","brand":"SCHWEPPES ","img":"https://sgfm.elcorteingles.es/SGFM/dctm/MEDIA03/201710/20/00118612101156____1__600x600.jpg","price":"0,78 €            ","categories":["Supermercado","Bebidas","Agua, Refrescos y Zumos","Refrescos y gaseosa","Tónica botella","SCHWEPPES tónica limón botella 25 cl"],"general_information":[],"ingredients":[],"ean":"8414100254744"},{"full_name":"SCHWEPPES Ginger Ale botella 1 l","name":"Ginger Ale botella 1 l","brand":"SCHWEPPES ","img":"https://sgfm.elcorteingles.es/SGFM/dctm/MEDIA03/201705/09/00118632400240____1__600x600.jpg","price":"1,55 €","categories":["Supermercado","Bebidas","Agua, Refrescos y Zumos","Refrescos y gaseosa","Tónica botella","SCHWEPPES Ginger Ale botella 1 l"],"general_information":["Denominación del alimento: Bebida refrescante de extractos.","Nombre del operador: Schweppes, S.A. \"Envasado con licencia de schweppes international limited.\"","Dirección del operador: Pº Castellana 202, 28046 Madrid","Cantidad Neta: 1 Litros"],"ingredients":[" Agua, azúcar, anhídrido carbónico, reguladores de acidez: ácido cítrico y citrato trisódico, aroma natural de jengibre con otros aromas naturales (0,1%),  colorante: E-150d."],"conservation":" Mantener en lugar fresco y seco. Proteger de la luz solar y de olores intensos.","ean":"8414100301349"},{"full_name":"SCHWEPPES Ginger Ale botella 25 cl","name":"Ginger Ale botella 25 cl","brand":"SCHWEPPES ","img":"https://sgfm.elcorteingles.es/SGFM/dctm/MEDIA03/201710/19/00118632400273____1__600x600.jpg","price":"0,80 €            ","categories":["Supermercado","Bebidas","Agua, Refrescos y Zumos","Refrescos y gaseosa","Tónica botella","SCHWEPPES Ginger Ale botella 25 cl"],"general_information":[],"ingredients":[],"ean":"8414100254645"},{"full_name":"SCHWEPPES PREMIUM MIXERS tónica & toque de lima botella 20 cl","name":"tónica & toque de lima botella 20 cl","brand":"SCHWEPPES PREMIUM MIXERS ","img":"https://sgfm.elcorteingles.es/SGFM/dctm/MEDIA03/201706/23/00118613501016____6__600x600.jpg","price":"1,57 €            ","price_unit":"(7,50 € / Litro)","categories":["Supermercado","Bebidas","Agua, Refrescos y Zumos","Refrescos y gaseosa","Tónica botella","SCHWEPPES PREMIUM MIXERS tónica & toque de lima botella 20 cl"],"general_information":["Denominación del alimento: Bebida refrescante de extractos. Contiene quinina.","Nombre del operador: Schweppes, S.A. \"Envasado con licencia de schweppes international limited.\"","Dirección del operador: Pº Castellana 202, 28046 Madrid","Cantidad Neta: 20 Centilitros"],"ingredients":[" Agua, azúcar, anhídrido carbónico, acidulante: ácido cítrico, aromas naturales, aroma quinina."],"conservation":" Mantener en lugar fresco y seco. Proteger de la luz solar y de olores intensos.","ean":"8414100332657"},{"full_name":"SCHWEPPES PREMIUM MIXERS tónica & pimienta rosa botella 20 cl","name":"tónica & pimienta rosa botella 20 cl","brand":"SCHWEPPES PREMIUM MIXERS ","img":"https://sgfm.elcorteingles.es/SGFM/dctm/MEDIA03/201706/23/00118613501024____6__600x600.jpg","price":"1,53 €            ","categories":["Supermercado","Bebidas","Agua, Refrescos y Zumos","Refrescos y gaseosa","Tónica botella","SCHWEPPES PREMIUM MIXERS tónica & pimienta rosa botella 20 cl"],"general_information":["Denominación del alimento: Bebida refrescante de extractos. Contiene quinina.","Nombre del operador: Schweppes, S.A. \"Envasado con licencia de schweppes international limited.\"","Dirección del operador: Pº Castellana 202, 28046 Madrid","Cantidad Neta: 20 Centilitros"],"ingredients":[" Agua, azúcar, anhídrido carbónico, acidulante: ácido cítrico, aromas naturales, aroma quinina."],"conservation":" Mantener en lugar fresco y seco. Proteger de la luz solar y de olores intensos.","ean":"8414100333555"},{"full_name":"SCHWEPPES PREMIUM MIXERS tónica & Hibiscus botella 20 cl","name":"tónica & Hibiscus botella 20 cl","brand":"SCHWEPPES PREMIUM MIXERS ","img":"https://sgfm.elcorteingles.es/SGFM/dctm/MEDIA03/201706/23/00118613501008____6__600x600.jpg","price":"1,54 €            ","price_unit":"(7,50 € / Litro)","categories":["Supermercado","Bebidas","Agua, Refrescos y Zumos","Refrescos y gaseosa","Tónica botella","SCHWEPPES PREMIUM MIXERS tónica & Hibiscus botella 20 cl"],"general_information":["Denominación del alimento: Bebida refrescante de extractos","Nombre del operador: Schweppes, S.A. \"Envasado con licencia de schweppes international limited.\"","Dirección del operador: Pº Castellana 202, 28046 Madrid","Cantidad Neta: 20 Centilitros"],"ingredients":[" Agua, azúcar, anhídrido carbónico, acidulante: ácido cítrico, aromas naturales, colorante: antocianinas, extracto de cártamo, limón y manzana, aroma quinina."],"conservation":" Mantener en lugar fresco y seco. Proteger de la luz solar y de olores intensos.","ean":"8414100323044"},{"full_name":"SCHWEPPES PREMIUM MIXERS Ginger Ale & Jengibre Intenso botella 20 cl","name":"Ginger Ale & Jengibre Intenso botella 20 cl","brand":"SCHWEPPES PREMIUM MIXERS ","img":"https://sgfm.elcorteingles.es/SGFM/dctm/MEDIA03/201706/22/00118632400265____1__600x600.jpg","price":"1,50 €","price_unit":"(7,50 € / Litro)","categories":["Supermercado","Bebidas","Agua, Refrescos y Zumos","Refrescos y gaseosa","Tónica botella","SCHWEPPES PREMIUM MIXERS Ginger Ale & Jengibre Intenso botella 20 cl"],"general_information":["Denominación del alimento: Bebida refrescante de extractos.","Nombre del operador: Schweppes, S.A. \"Envasado con licencia de schweppes international limited.\"","Dirección del operador: Pº Castellana 202, 28046 Madrid","Cantidad Neta: 20 Centilitros"],"ingredients":[" Agua, azúcar, anhídrido carbónico, aroma natural de jengibre con otros aromas naturales (0,2%), correctores de acidez: ácido cítrico y citrato trisódico, colorante: E-150d."],"conservation":" Mantener en lugar fresco y seco. Proteger de la luz solar y de olores intensos.","ean":"8414100329657"},{"full_name":"FEVER TREE tónica Premium Indian botella 50 cl","name":"tónica Premium Indian botella 50 cl","brand":"FEVER TREE ","img":"https://sgfm.elcorteingles.es/SGFM/00/45/5/0118613500455/0118613500455000g01011.jpg","price":"3,03 €            ","price_unit":"(5,52 € / Litro)","categories":["Supermercado","Bebidas","Agua, Refrescos y Zumos","Refrescos y gaseosa","Tónica botella","FEVER TREE tónica Premium Indian botella 50 cl"],"general_information":["Denominación del alimento: Agua Tónica","País de origen: Reino Unido","Nombre del operador: Osborne Distribuidora, S.A.","Dirección del operador: C/Fernan Caballero, 7 - 11500 El Puerto de Santa María (Cádiz)","Cantidad Neta: 500 Mililitros"],"ingredients":[" Agua mineral natural, azúcar de caña, anhídrido carbónico, acidulante ácido cítrico, aromas naturales, aroma quinina (contiene quinina)."],"conservation":" Este es un recipiente presurizado. Abralo con cuidado y lejos de la cara.  Protéjalo de la luz solar","ean":"5060108450263"},{"full_name":"FEVER TREE Premium Indian tónica pack 4 botella 20 cl","name":"Premium Indian tónica pack 4 botella 20 cl","brand":"FEVER TREE ","img":"https://sgfm.elcorteingles.es/SGFM/00/27/3/0118613500273/0118613500273000g01011.jpg","price":"5,75 €","price_unit":"(7,19 € / Litro)","categories":["Supermercado","Bebidas","Agua, Refrescos y Zumos","Refrescos y gaseosa","Tónica botella","FEVER TREE Premium Indian tónica pack 4 botella 20 cl"],"general_information":["Denominación del alimento: Agua Tónica","País de origen: Reino Unido","Nombre del operador: Osborne Distribuidora, S.A.","Dirección del operador: C/Fernan Caballero, 7 - 11500 El Puerto de Santa María (Cádiz)","Cantidad Neta: 800 Mililitros"],"ingredients":[" Agua mineral natural, azúcar de caña, anhídrido carbónico, acidulante ácido cítrico, aromas naturales incluido aroma quinina (contiene quinina)."],"conservation":" Este es un recipiente presurizado. Abralo con cuidado y lejos de la cara.  Protéjalo de la luz solar","ean":"5060108450010"},{"full_name":"FEVER TREE Premium Ginger Ale tónica pack 4 botellas 20 cl","name":"Premium Ginger Ale tónica pack 4 botellas 20 cl","brand":"FEVER TREE ","img":"https://sgfm.elcorteingles.es/SGFM//00/17/4/0118632400174/0118632400174000g01011.jpg","price":"6,04 €            ","price_unit":"(7,19 € / Litro)","categories":["Supermercado","Bebidas","Agua, Refrescos y Zumos","Refrescos y gaseosa","Tónica botella","FEVER TREE Premium Ginger Ale tónica pack 4 botellas 20 cl"],"general_information":["Denominación del alimento: Ginger Ale","País de origen: Reino Unido","Nombre del operador: Osborne Distribuidora, S.A.","Dirección del operador: C/Fernan Caballero, 7 - 11500 El Puerto de Santa María (Cádiz)","Cantidad Neta: 800 Mililitros"],"ingredients":[" Agua mineral natural, anhídrido carbónico, azúcar de caña, acidulante: ácido cítrico, jengibres naturales, aromas naturales, caramelo natural."],"conservation":" Este es un recipiente presurizado. Abralo con cuidado y lejos de la cara.  Protéjalo de la luz solar","ean":"5060108450096"},{"full_name":"FEVER TREE tónica premium Ginger Beer pack 4 botella 20 cl","name":"tónica premium Ginger Beer pack 4 botella 20 cl","brand":"FEVER TREE ","img":"https://sgfm.elcorteingles.es/SGFM/dctm/MEDIA03/201612/27/00118632400224____1__600x600.jpg","price":"6,43 €            ","price_unit":"(7,19 € / Litro)","categories":["Supermercado","Bebidas","Agua, Refrescos y Zumos","Refrescos y gaseosa","Tónica botella","FEVER TREE tónica premium Ginger Beer pack 4 botella 20 cl"],"general_information":["Denominación del alimento: Ginger Beer","País de origen: Reino Unido","Nombre del operador: Osborne Distribuidora, S.A.","Dirección del operador: C/Fernan Caballero, 7 - 11500 El Puerto de Santa María (Cádiz)","Cantidad Neta: 800 Mililitros"],"ingredients":[" Agua mineral natural, azúcar de caña, raíz de jengibres, aromas naturales, ácido: ácido tartárico, antioxidante: ácido ascórbico."],"conservation":" Este es un recipiente presurizado. Abralo con cuidado y lejos de la cara.  Protéjalo de la luz solar","ean":"5060108450355"},{"full_name":"FEVER TREE Mediterranea tónica pack 4 botella 20 cl","name":"Mediterranea tónica pack 4 botella 20 cl","brand":"FEVER TREE ","img":"https://sgfm.elcorteingles.es/SGFM/00/33/1/0118613500331/0118613500331000g01011.jpg","price":"5,75 €","price_unit":"(7,19 € / Litro)","categories":["Supermercado","Bebidas","Agua, Refrescos y Zumos","Refrescos y gaseosa","Tónica botella","FEVER TREE Mediterranea tónica pack 4 botella 20 cl"],"general_information":["Denominación del alimento: Agua Tónica Saborizada","País de origen: Reino Unido","Nombre del operador: Osborne Distribuidora, S.A.","Dirección del operador: C/Fernan Caballero, 7 - 11500 El Puerto de Santa María (Cádiz)","Cantidad Neta: 800 Mililitros"],"ingredients":[" Agua mineral natural, azúcar de caña, anhídrido carbónico, acidulante ácido cítrico, aromas"],"conservation":" Este es un recipiente presurizado. Abralo con cuidado y lejos de la cara.  Protéjalo de la luz solar","ean":"5060108450515"},{"full_name":"FEVER TREE Light tónica pack 4 botellas 20 cl","name":"Light tónica pack 4 botellas 20 cl","brand":"FEVER TREE ","img":"https://sgfm.elcorteingles.es/SGFM/dctm/MEDIA03/201703/24/00118613500943____1__600x600.jpg","price":"5,75 €","price_unit":"(28,75 € / Litro)","categories":["Supermercado","Bebidas","Agua, Refrescos y Zumos","Refrescos y gaseosa","Tónica botella","FEVER TREE Light tónica pack 4 botellas 20 cl"],"general_information":["Denominación del alimento: Agua Tónica Light","País de origen: Reino Unido","Nombre del operador: Osborne Distribuidora, S.A.","Dirección del operador: C/Fernan Caballero, 7 - 11500 El Puerto de Santa María (Cádiz)","Cantidad Neta: 800 Mililitros"],"ingredients":[" Agua mineral natural, anhídrido carbónico, fructosa, acidulante ácido cítrico, aromas naturales, aroma quinina (contiene quinina)."],"conservation":" Este es un recipiente presurizado. Abralo con cuidado y lejos de la cara.  Protéjalo de la luz solar","ean":"5060108450232"},{"full_name":"NORDIC Mist Blue tónica pack 6 botella 20 cl","name":"Mist Blue tónica pack 6 botella 20 cl","brand":"NORDIC ","img":"https://sgfm.elcorteingles.es/SGFM/dctm/MEDIA03/201606/22/00118613500265____1__600x600.jpg","price":"3,26 €","price_unit":"(16,30 € / Litro)","categories":["Supermercado","Bebidas","Agua, Refrescos y Zumos","Refrescos y gaseosa","Tónica botella","NORDIC Mist Blue tónica pack 6 botella 20 cl"],"general_information":["Denominación del alimento: Bebida refrescante de extractos","Nombre del operador: Coca-Cola European Partners Iberia, S.L.U.","Dirección del operador: C/Ribera del Loira 20-22, 28042 - Madrid (España).","Cantidad Neta: 6 Unidad"],"ingredients":[" Agua carbonatada, azúcar, acidulante E-330, aromas y colorantes: E-133 y E-151"],"ean":"5449000174734"},{"full_name":"NORDIC tónica botella 1 l","name":"tónica botella 1 l","brand":"NORDIC ","img":"https://sgfm.elcorteingles.es/SGFM/dctm/MEDIA03/201606/22/00118613500497____1__600x600.jpg","price":"1,37 €            ","price_unit":"(1,20 € / Litro)","categories":["Supermercado","Bebidas","Agua, Refrescos y Zumos","Refrescos y gaseosa","Tónica botella","NORDIC tónica botella 1 l"],"general_information":["Denominación del alimento: Bebida refrescante de extractos","Nombre del operador: Coca-Cola European Partners Iberia, S.L.U.","Dirección del operador: C/Ribera del Loira 20-22, 28042 - Madrid (España).","Cantidad Neta: 1 Litros"],"ingredients":[" Agua carbonatada, azúcar (Z) o jarabe de glucosa-fructosa (J) (LEYENDA), acidulante ácido cítrico, aromas naturales (incluyendo quinina). *LEYENDA: - LATAS: ver código impreso en la base. - PET, VIDRIO: ver código impreso en el envase o tapón."],"ean":"5449000198174"},{"full_name":"NORDIC Mist tónica pack 6 botella 20 cl","name":"Mist tónica pack 6 botella 20 cl","brand":"NORDIC ","img":"https://sgfm.elcorteingles.es/SGFM/dctm/MEDIA03/201606/22/00118613500018____2__600x600.jpg","price":"3,60 €            ","price_unit":"(16,30 € / Litro)","categories":["Supermercado","Bebidas","Agua, Refrescos y Zumos","Refrescos y gaseosa","Tónica botella","NORDIC Mist tónica pack 6 botella 20 cl"],"general_information":["Denominación del alimento: Bebida refrescante de extractos","Nombre del operador: Coca-Cola European Partners Iberia, S.L.U.","Dirección del operador: C/Ribera del Loira 20-22, 28042 - Madrid (España).","Cantidad Neta: 6 Unidad"],"ingredients":[" Agua carbonatada, azúcar (Z) o jarabe de glucosa-fructosa (J) (LEYENDA), acidulante ácido cítrico, aromas naturales (incluyendo quinina). *LEYENDA: - LATAS: ver código impreso en la base. - PET, VIDRIO: ver código impreso en el envase o tapón."],"ean":"5449000039163"},{"full_name":"INDI & CO tónica original pack 4 botellas 20 cl","name":"tónica original pack 4 botellas 20 cl","brand":"INDI & CO ","img":"https://sgfm.elcorteingles.es/SGFM/dctm/MEDIA03/201611/08/00118613500364____1__600x600.jpg","price":"6,21 €            ","price_unit":"(0,72 € / Litro)","categories":["Supermercado","Bebidas","Agua, Refrescos y Zumos","Refrescos y gaseosa","Tónica botella","INDI & CO tónica original pack 4 botellas 20 cl"],"general_information":["Denominación del alimento: Tónica","Nombre del operador: Casalbor, S.L.U.","Dirección del operador: Torneo Parque Empresaria, nº 2, C/ Arquitectura, Torre 11, Planta 6ª, Módulo 11 - 41015 Sevilla, España","Cantidad Neta: 80 Centilitros","Otras menciones obligatorias en la etiqueta: Sin edulcorantes artificiales. Contiene quinina."],"ingredients":[" Agua carbonatada, azúcar blanca y de caña, acido cítrico,estractos de: piel de naranja de sevilla, de limón y de lima, cardamomo, Kewra, kalinji y quinina. Contiene E-202."],"ean":"8437009934180"},{"full_name":"INDI & CO tónica sabor a fresa pack 4 botellas 20 cl","name":"tónica sabor a fresa pack 4 botellas 20 cl","brand":"INDI & CO ","img":"https://sgfm.elcorteingles.es/SGFM/dctm/MEDIA03/201611/24/00118613500869____3__600x600.jpg","price":"6,21 €            ","price_unit":"(0,72 € / Litro)","categories":["Supermercado","Bebidas","Agua, Refrescos y Zumos","Refrescos y gaseosa","Tónica botella","INDI & CO tónica sabor a fresa pack 4 botellas 20 cl"],"general_information":["Denominación del alimento: Tonica de fresa","Nombre del operador: Indi essences S.L.","Dirección del operador: C/ Cielo 22,  11500 El Puerto de Santa Maria (Cádiz)","Cantidad Neta: 800 Mililitros","Otras menciones obligatorias en la etiqueta: Sin edulcorantes ni colorantes artificiales. Contine Quinina"],"ingredients":[" Agua carbonatada, azucar blanca y de caña, extractos de: fresa de andalucía, lima kalamansi y corteza de quino de perú, zumo natural de fresa, zumo natural de sauco (apartir de concentrados), ácido cítrico y sorbato potásico"],"ean":"8437009934555"},{"full_name":"1724 tónica pack 4 botellas 20 cl","name":"tónica pack 4 botellas 20 cl","brand":"1724 ","img":"https://sgfm.elcorteingles.es/SGFM/00/37/2/0118613500372/0118613500372000g01011.jpg","price":"6,04 €            ","price_unit":"(7,19 € / Litro)","categories":["Supermercado","Bebidas","Agua, Refrescos y Zumos","Refrescos y gaseosa","Tónica botella","1724 tónica pack 4 botellas 20 cl"],"general_information":["Denominación del alimento: Tónica","Nombre del operador: Global Premium Brands, S.A","Dirección del operador: Avda. Conde Romanones, 18 - 19200 Azuqueca de Henares","Lugar de procedencia del alimento: Chile","Cantidad Neta: 200 Mililitros"],"ingredients":[" Agua Mineral Carbonatada, azúcar, Aceites esenciales citricos, Quinina natural, Acidulante E330, Conservantes E211 y E202."],"conservation":" Conservar en lugar fresco, seco y protegido de la luz solar.","ean":"8437009805350"},{"full_name":"THE ORIGINAL Japanese tonic water Yuzu Ocha botella 20 cl","name":"Japanese tonic water Yuzu Ocha botella 20 cl","brand":"THE ORIGINAL ","img":"https://sgfm.elcorteingles.es/SGFM/dctm/MEDIA02/CONTENIDOS/201411/25/00118613500703____1__600x600.jpg","price":"1,46 €","price_unit":"(7,30 € / Litro)","categories":["Supermercado","Bebidas","Agua, Refrescos y Zumos","Refrescos y gaseosa","Tónica botella","THE ORIGINAL Japanese tonic water Yuzu Ocha botella 20 cl"],"general_information":["Denominación del alimento: BEBIDA REFRESCANTE DE EXTRACTOS CON AZÚCAR","País de origen: España","Nombre del operador: Sanmy S.A.","Dirección del operador: Carretera de Castellar del Vallés nº 586 - 08227 Terrassa (Barcelona)","Cantidad Neta: 20 Centilitros","Otras menciones obligatorias en la etiqueta: Contiene quinina"],"ingredients":[" AGUA CARBONATADA, AZÚCAR, ACIDULANTE: ÁCIDO CÍTRICO, AROMAS, CONSERVADOR: SORBATO POTÁSICO,  QUININA"],"conservation":" Proteger de la luz solar","ean":"8410470181581"},{"full_name":"THE ORIGINAL Premium tónica sabor frutas del bosque pack 4 botellas 20 cl","name":"Premium tónica sabor frutas del bosque pack 4 botellas 20 cl","brand":"THE ORIGINAL ","img":"https://sgfm.elcorteingles.es/SGFM/dctm/MEDIA02/CONTENIDOS/201512/04/00118613500711____2__600x600.jpg","price":"6,04 €            ","price_unit":"(25,75 € / Litro)","categories":["Supermercado","Bebidas","Agua, Refrescos y Zumos","Refrescos y gaseosa","Tónica botella","THE ORIGINAL Premium tónica sabor frutas del bosque pack 4 botellas 20 cl"],"general_information":["Denominación del alimento: BEBIDA REFRESCANTE DE EXTRACTOS CON AZÚCAR","País de origen: España","Nombre del operador: Sanmy S.A.","Dirección del operador: Carretera de Castellar del Vallés nº 586 - 08227 Terrassa (Barcelona)","Cantidad Neta: 20 Centilitros","Otras menciones obligatorias en la etiqueta: Puede tener efectos negativos sobre la actividad y la atención de los niños"],"ingredients":[" AGUA CARBONATADA, AZÚCAR, ACIDULANTE:ÁCIDO CÍTRICO, AROMAS NATURALES, CONSERVADOR: BENZOATO SÓDICO, COLORANTES: AZORRUBINA, CARMOISINA (E-122)"],"conservation":" Proteger de la luz solar","ean":"8410470181413"},{"full_name":"THE ORIGINAL Premium tónica sabor Citrus pack 4 botellas 20 cl","name":"Premium tónica sabor Citrus pack 4 botellas 20 cl","brand":"THE ORIGINAL ","img":"https://sgfm.elcorteingles.es/SGFM/dctm/MEDIA02/CONTENIDOS/201512/04/00118613500729____2__600x600.jpg","price":"6,04 €            ","price_unit":"(25,75 € / Litro)","categories":["Supermercado","Bebidas","Agua, Refrescos y Zumos","Refrescos y gaseosa","Tónica botella","THE ORIGINAL Premium tónica sabor Citrus pack 4 botellas 20 cl"],"general_information":["Denominación del alimento: BEBIDA REFRESCANTE DE EXTRACTOS CON AZÚCAR","País de origen: España","Nombre del operador: Sanmy S.A.","Dirección del operador: Carretera de Castellar del Vallés nº 586 - 08227 Terrassa (Barcelona)","Cantidad Neta: 20 Centilitros"],"ingredients":[" AGUA CARBONATADA, AZÚCAR, ACIDULANTE:ÁCIDO CÍTRICO, AROMAS NATURALES, CONSERVADOR: BENZOATO SÓDICO, COLORANTE: AZUL BRILLANTE FCF (E-133)"],"conservation":" Proteger de la luz solar","ean":"8410470181406"},{"full_name":"THE ORIGINAL Multi Flavour Mix tónica pack 4 botellas 20 cl","name":"Multi Flavour Mix tónica pack 4 botellas 20 cl","brand":"THE ORIGINAL ","img":"https://sgfm.elcorteingles.es/SGFM/dctm/MEDIA03/201704/10/00118613500935____1__600x600.jpg","price":"5,82 €            ","price_unit":"(6,44 € / Litro)","categories":["Supermercado","Bebidas","Agua, Refrescos y Zumos","Refrescos y gaseosa","Tónica botella","THE ORIGINAL Multi Flavour Mix tónica pack 4 botellas 20 cl"],"general_information":["Denominación del alimento: BEBIDA REFRESCANTE DE EXTRACTOS CON AZÚCAR","País de origen: España","Nombre del operador: Sanmy S.A.","Dirección del operador: Carretera de Castellar del Vallés nº 586 - 08227 Terrassa (Barcelona)","Cantidad Neta: 20 Centilitros","Otras menciones obligatorias en la etiqueta: Puede tener efectos negativos sobre la actividad y la atención de los niños. Contiene quinina."],"ingredients":[" Agua carbonatada, azúcar, acidulante:ácido cítrico, aromas naturales, conservador: benzoato sódico, colorantes: azorrubina, carmoisina (e-122). agua carbonatada, azúcar, acidulante:ácido cítrico, aromas naturales, conservador: benzoato sódico, colorante: azul brillante fcf (e-133). agua carbonatada, azúcar, acidulante:ácido cítrico, aromas naturales, conservador: benzoato sódico, colorantes: amarillo de quin0leina (e-104), azul patente (e-131). agua carbonatada, azúcar, acidulante: ácido cítrico, aromas, conservador: sorbato potásico,  quinina"],"conservation":" Proteger de la luz solar","ean":"8437012412316"},{"full_name":"ME TONIC Premium tónica pack 4 botella 20 cl","name":"TONIC Premium tónica pack 4 botella 20 cl","brand":"ME ","img":"https://sgfm.elcorteingles.es/SGFM/00/39/8/0118613500398/0118613500398000g01011.jpg","price":"5,56 €            ","price_unit":"(27,50 € / Litro)","categories":["Supermercado","Bebidas","Agua, Refrescos y Zumos","Refrescos y gaseosa","Tónica botella","ME TONIC Premium tónica pack 4 botella 20 cl"],"general_information":[],"ingredients":[],"ean":"8414322330035"},{"full_name":"KAS BLUE TONIC tónica pack 6 botella 20 cl","name":"tónica pack 6 botella 20 cl","brand":"KAS BLUE TONIC ","img":"https://sgfm.elcorteingles.es/SGFM/dctm/MEDIA02/CONTENIDOS/201511/05/00118613500307____1__600x600.jpg","price":"2,97 €            ","price_unit":"(2,34 € / Litro)","categories":["Supermercado","Bebidas","Agua, Refrescos y Zumos","Refrescos y gaseosa","Tónica botella","KAS BLUE TONIC tónica pack 6 botella 20 cl"],"general_information":["Denominación del alimento: Bebida refrescante de extractos con azúcares y edulcorante","Nombre del operador: Compañía de Bebidas Pepsico, s.l.","Dirección del operador: Avda. de los Olmos, 2, 01013 - Vitoria","Cantidad Neta: 200 Mililitros"],"ingredients":[" Agua carbonatada, jarabe de glucosa y fructosa, acidulante: E-330, aromas (extractos cítricos y quinina), edulcorante: E-955."],"conservation":" Proteger de la luz solar y de olores agresivos. No congelar. Conservar en lugar limpio, fresco y seco. Evitar el contacto directo con el suelo.","ean":"8410408050187"},{"full_name":"FENTIMANS tónica tradicional pack 4 botellas 20 cl","name":"tónica tradicional pack 4 botellas 20 cl","brand":"FENTIMANS ","img":"https://sgfm.elcorteingles.es/SGFM/dctm/MEDIA02/CONTENIDOS/201412/16/00118613500687____2__600x600.jpg","price":"5,75 €            ","price_unit":"(6,88 € / Litro)","categories":["Supermercado","Bebidas","Agua, Refrescos y Zumos","Refrescos y gaseosa","Tónica botella","FENTIMANS tónica tradicional pack 4 botellas 20 cl"],"general_information":["Denominación del alimento: Bebida refrescante de extractos. Agua tónica fermentada.","Nombre del operador: Wkyregal, S.L.","Dirección del operador: C/ Ravella 23A - 08021 Barcelona (Barcelona) - España.","Cantidad Neta: 200 Mililitros","Número de raciones por envase: 4"],"ingredients":[" Agua carbonatada, azúcar, acidulante: ácido cítrico, aromas naturales, limón, naranja, limoncillo, aroma: quinina, extractos de hierbas: bayas de enebro, hojas de lima kaffir."],"conservation":" Conservar en lugar fresco y seco.","ean":"5029396738668"},{"full_name":"FENTIMANS Ginger Ale tradicional pack 4 botellas 20 cl","name":"Ginger Ale tradicional pack 4 botellas 20 cl","brand":"FENTIMANS ","img":"https://sgfm.elcorteingles.es/SGFM/dctm/MEDIA03/201711/15/00118632400315____1__600x600.jpg","price":"5,95 €","price_unit":"(7,44 € / Litro)","categories":["Supermercado","Bebidas","Agua, Refrescos y Zumos","Refrescos y gaseosa","Tónica botella","FENTIMANS Ginger Ale tradicional pack 4 botellas 20 cl"],"general_information":[],"ingredients":[],"ean":"5029396000758"},{"full_name":"FENTIMANS Ginger Beer tradicional pack 4 botellas 20 cl","name":"Ginger Beer tradicional pack 4 botellas 20 cl","brand":"FENTIMANS ","img":"https://sgfm.elcorteingles.es/SGFM/dctm/MEDIA03/201711/15/00118632400299____6__600x600.jpg","price":"5,95 €","price_unit":"(7,44 € / Litro)","categories":["Supermercado","Bebidas","Agua, Refrescos y Zumos","Refrescos y gaseosa","Tónica botella","FENTIMANS Ginger Beer tradicional pack 4 botellas 20 cl"],"general_information":[],"ingredients":[],"ean":"5029396000734"},{"full_name":"PINK COW Cardiotónica botella 20 cl","name":"Cardiotónica botella 20 cl","brand":"PINK COW ","img":"https://sgfm.elcorteingles.es/SGFM/dctm/MEDIA02/CONTENIDOS/201411/21/00118613500679____1__600x600.jpg","price":"1,32 €            ","price_unit":"(6,25 € / Litro)","categories":["Supermercado","Bebidas","Agua, Refrescos y Zumos","Refrescos y gaseosa","Tónica botella","PINK COW Cardiotónica botella 20 cl"],"general_information":[],"ingredients":[],"ean":"8437012754027"},{"full_name":"NESTEA refresco de té al limón pack ahorro 9 latas 33 cl","name":"refresco de té al limón pack ahorro 9 latas 33 cl","brand":"NESTEA ","img":"https://sgfm.elcorteingles.es/SGFM/00/79/4/0118614000794/0118614000794000g01011.jpg","price":"4,92 €","price_unit":"(1,66 € / Litro)","categories":["Supermercado","Bebidas","Agua, Refrescos y Zumos","Refrescos y gaseosa","Refresco té lata","NESTEA refresco de té al limón pack ahorro 9 latas 33 cl"],"general_information":["Denominación del alimento: Bebida refrescante de extractos","Nombre del operador: Coca-Cola European Partners Iberia, S.L.U.","Dirección del operador: C/Ribera del Loira 20-22, 28042 - Madrid (España).","Cantidad Neta: 9 Unidad"],"ingredients":[" Agua, azúcar, correctores de acidez: E-330 y E-331, extracto de té , zumo de limón a partir de concentrado (0,1%), antioxidante: ácido ascórbico y aromas naturales."],"ean":"5449000191649"},{"full_name":"NESTEA refresco de té al limón lata 33 cl","name":"refresco de té al limón lata 33 cl","brand":"NESTEA ","img":"https://sgfm.elcorteingles.es/SGFM/dctm/MEDIA02/CONTENIDOS/201507/30/00118614000182____2__600x600.jpg","price":"0,58 €","price_unit":"(1,76 € / Litro)","categories":["Supermercado","Bebidas","Agua, Refrescos y Zumos","Refrescos y gaseosa","Refresco té lata","NESTEA refresco de té al limón lata 33 cl"],"general_information":["Denominación del alimento: Bebida refrescante de extractos","Nombre del operador: Coca-Cola European Partners Iberia, S.L.U.","Dirección del operador: C/Ribera del Loira 20-22, 28042 - Madrid (España).","Cantidad Neta: 0.33 Litros"],"ingredients":[" Agua, azúcar, correctores de acidez: E-330 y E-331, extracto de té , zumo de limón a partir de concentrado (0,1%), antioxidante: ácido ascórbico y aromas naturales."],"ean":"5449000012913"},{"full_name":"SOU TEA refresco de te verde sabor frutas del bosque lata 33 cl","name":"refresco de te verde sabor frutas del bosque lata 33 cl","brand":"SOU TEA ","img":"https://sgfm.elcorteingles.es/SGFM/dctm/MEDIA03/201706/26/00118614001263____1__600x600.jpg","price":"0,86 €","categories":["Supermercado","Bebidas","Agua, Refrescos y Zumos","Refrescos y gaseosa","Refresco té lata","SOU TEA refresco de te verde sabor frutas del bosque lata 33 cl"],"general_information":["Denominación del alimento: Sou Tea Frutas del Bosque 0,33 cl Lata","Nombre del operador: Aguas Minerales de Firgas S.A.","Dirección del operador: Autovía GC 2 Km 3, 35010. Las Palmas de Gran Canaria.","Cantidad Neta: 0.33 Litros"],"ingredients":[],"conservation":" Proteger de la luz solar y de alta temperaturas. Una vez abierto conservar en el frigorífico.","ean":"8411395532779"},{"full_name":"SOU TEA refresco de te verde sabor limón y toque de canela lata 33 cl","name":"refresco de te verde sabor limón y toque de canela lata 33 cl","brand":"SOU TEA ","img":"https://sgfm.elcorteingles.es/SGFM/dctm/MEDIA03/201706/26/00118614001271____1__600x600.jpg","price":"0,86 €","categories":["Supermercado","Bebidas","Agua, Refrescos y Zumos","Refrescos y gaseosa","Refresco té lata","SOU TEA refresco de te verde sabor limón y toque de canela lata 33 cl"],"general_information":["Denominación del alimento: Sou Te Limón - Canela 0,33 cl Lata","Nombre del operador: Aguas Minerales de Firgas S.A.","Dirección del operador: Autovía GC 2 Km 3, 35010. Las Palmas de Gran Canaria.","Cantidad Neta: 0.33 Litros"],"ingredients":[" INGREDIENTES: AGUA, AZUCAR, ZUMO DE LIMON A PARTIR DE CONCENTRADO (2,8 %), EXTRACTO DE TE VERDE, AROMAS NATURALES, CORRECTOR DE ACIDEZ: CITRATO TRISODICO, EDULCORANTE: CLICOSITOS DE ESTEVIOL"],"conservation":" Proteger de la luz solar y de alta temperaturas. Una vez abierto conservar en el frigorífico.","ean":"8411395536777"},{"full_name":"SOU TEA refresco de te verde sabor cacao y hierbabuena lata 33 cl","name":"refresco de te verde sabor cacao y hierbabuena lata 33 cl","brand":"SOU TEA ","img":"https://sgfm.elcorteingles.es/SGFM/dctm/MEDIA03/201706/26/00118614001289____1__600x600.jpg","price":"0,86 €","categories":["Supermercado","Bebidas","Agua, Refrescos y Zumos","Refrescos y gaseosa","Refresco té lata","SOU TEA refresco de te verde sabor cacao y hierbabuena lata 33 cl"],"general_information":["Denominación del alimento: Sou Tea Cacao con Hierbabuena 0,33 cl Lata","Nombre del operador: Aguas Minerales de Firgas S.A.","Dirección del operador: Autovía GC 2 Km 3, 35010. Las Palmas de Gran Canaria.","Cantidad Neta: 0.33 Litros"],"ingredients":[" INGREDIENTES: AGUA, AZUCAR, ZUMO DE LIMON A PARTIR DE CONCENTRADO (2,8 %), EXTRACTO DE TE VERDE, AROMAS DE CACAO Y AROMA NATURAL CORRECTOR DE ACIDEZ: CITRATO TRISODICO, EDULCORANTE: GLICOSIDOS DE ESTEVIOL"],"conservation":" Proteger de la luz solar y de alta temperaturas. Una vez abierto conservar en el frigorífico.","ean":"8411395539778"},{"full_name":"SOU TEA refresco de te verde sabor melón lata 33 cl","name":"refresco de te verde sabor melón lata 33 cl","brand":"SOU TEA ","img":"https://sgfm.elcorteingles.es/SGFM/dctm/MEDIA03/201706/26/00118614001297____1__600x600.jpg","price":"0,86 €","categories":["Supermercado","Bebidas","Agua, Refrescos y Zumos","Refrescos y gaseosa","Refresco té lata","SOU TEA refresco de te verde sabor melón lata 33 cl"],"general_information":["Denominación del alimento: Sou Tea Melón 0,33 cl Lata","Nombre del operador: Aguas Minerales de Firgas S.A.","Dirección del operador: Autovía GC 2 Km 3, 35010. Las Palmas de Gran Canaria.","Cantidad Neta: 0.33 Litros"],"ingredients":[" INGREDIENTES: AGUA, AZUCAR, ZUMO DE LIMON A PARTIR DE CONCENTRADO (2,8 %), EXTRACTO DE TE VERDE, AROMAS NATURALES, CORRECTOR DE ACIDEZ: CITRATO TRISODICO, EDULCORANTE: CLICOSITOS DE ESTEVIOL"],"conservation":" Proteger de la luz solar y de alta temperaturas. Una vez abierto conservar en el frigorífico.","ean":"8411395530775"},{"full_name":"NESTEA refresco de té al limón sin azúcar lata 33","name":"refresco de té al limón sin azúcar lata 33 ","brand":"NESTEA ","img":"https://sgfm.elcorteingles.es/SGFM/dctm/MEDIA03/201607/08/00118614000190____1__600x600.jpg","price":"0,58 €","price_unit":"(1,76 € / Litro)","categories":["Supermercado","Bebidas","Agua, Refrescos y Zumos","Refrescos y gaseosa","Refresco té lata","NESTEA refresco de té al limón sin azúcar lata 33"],"general_information":["Denominación del alimento: Bebida refrescante de extractos. con edulcorantes","Nombre del operador: Coca-Cola European Partners Iberia, S.L.U.","Dirección del operador: C/Ribera del Loira 20-22, 28042 - Madrid (España).","Cantidad Neta: 0.33 Litros"],"ingredients":[" Agua, correctores de acidez E-296 y E-331, zumo de limón a partir de concentrado (0,1%), extracto de té, edulcorantes E-952, E-950 y aspartamo, antioxidante E-300 y aromas naturales. Contiene una fuente de fenilalanina."],"ean":"5449000020864"},{"full_name":"NESTEA refresco de té al melocotón blanco lata 33 cl","name":"refresco de té al melocotón blanco lata 33 cl","brand":"NESTEA ","img":"https://sgfm.elcorteingles.es/SGFM/dctm/MEDIA03/201607/08/00118614000679____2__600x600.jpg","price":"0,58 €","price_unit":"(1,76 € / Litro)","categories":["Supermercado","Bebidas","Agua, Refrescos y Zumos","Refrescos y gaseosa","Refresco té lata","NESTEA refresco de té al melocotón blanco lata 33 cl"],"general_information":["Denominación del alimento: Bebida refrescante de extractos","Nombre del operador: Coca-Cola European Partners Iberia, S.L.U.","Dirección del operador: C/Ribera del Loira 20-22, 28042 - Madrid (España).","Cantidad Neta: 0.33 Litros"],"ingredients":[" Agua, azúcar, aromas, correctores de acidez E-330 y E-331, extracto de té y antioxidante E-300."],"ean":"5449000957832"},{"full_name":"NESTEA refresco de té verde a la manzana bajo en calorías lata 33 cl","name":"refresco de té verde a la manzana bajo en calorías lata 33 cl","brand":"NESTEA ","img":"https://sgfm.elcorteingles.es/SGFM/dctm/MEDIA03/201607/08/00118614000968____1__600x600.jpg","price":"0,58 €","price_unit":"(1,76 € / Litro)","categories":["Supermercado","Bebidas","Agua, Refrescos y Zumos","Refrescos y gaseosa","Refresco té lata","NESTEA refresco de té verde a la manzana bajo en calorías lata 33 cl"],"general_information":["Denominación del alimento: Bebida refrescante de extractos. con azúcar y edulcorante.","Nombre del operador: Coca-Cola European Partners Iberia, S.L.U.","Dirección del operador: C/Ribera del Loira 20-22, 28042 - Madrid (España).","Cantidad Neta: 0.33 Litros"],"ingredients":[" Agua, azúcar, correctores de acidez: ácido cítrico y citrato sódico, extracto de té verde (1,1 g/l), aromas, antioxidante ácido ascórbico y edulcorante sucralosa."],"ean":"5449000129888"},{"full_name":"NESTEA refresco de té verde al maracuyá mangostán bajo en calorías lata 33 cl","name":"refresco de té verde al maracuyá mangostán bajo en calorías lata 33 cl","brand":"NESTEA ","img":"https://sgfm.elcorteingles.es/SGFM/dctm/MEDIA03/201607/08/00118614000976____1__600x600.jpg","price":"0,58 €","price_unit":"(1,76 € / Litro)","categories":["Supermercado","Bebidas","Agua, Refrescos y Zumos","Refrescos y gaseosa","Refresco té lata","NESTEA refresco de té verde al maracuyá mangostán bajo en calorías lata 33 cl"],"general_information":["Denominación del alimento: Bebida refrescante de extractos. con azúcar y edulcorante.","Nombre del operador: Coca-Cola European Partners Iberia, S.L.U.","Dirección del operador: C/Ribera del Loira 20-22, 28042 - Madrid (España).","Cantidad Neta: 0.33 Litros"],"ingredients":[" Agua, azúcar, correctores de acidez: ácido cítrico y citrato sódico, extracto de té verde (1,1 g/l), aromas naturales, antioxidante ácido ascórbico y edulcorante sucralosa."],"ean":"5449000187246"},{"full_name":"ARIZONA té verde  con miel lata 35,5 cl","name":"té verde  con miel lata 35,5 cl","brand":"ARIZONA ","img":"https://sgfm.elcorteingles.es/SGFM/dctm/MEDIA02/CONTENIDOS/201501/22/00118614001073____1__600x600.jpg","price":"0,82 €","price_unit":"(2,31 € / Litro)","categories":["Supermercado","Bebidas","Agua, Refrescos y Zumos","Refrescos y gaseosa","Refresco té lata","ARIZONA té verde  con miel lata 35,5 cl"],"general_information":["Denominación del alimento: ARIZONA GREEN TEA-MIEL 1/3 LATA CJ-24U","Nombre del operador: DAMM S.A.","Dirección del operador: C/ ROSELLO , 515  BARCELONA, BARCELONA","Cantidad Neta: 0.330 Litros","Otras menciones obligatorias en la etiqueta: Refrescos Té"],"ingredients":[],"conservation":" Mantener en lugar fresco, oscuro y seco","ean":"0613008743529"},{"full_name":"ARIZONA Green Tea con granada lata 35,5 cl","name":"Green Tea con granada lata 35,5 cl","brand":"ARIZONA ","img":"https://sgfm.elcorteingles.es/SGFM/dctm/MEDIA02/CONTENIDOS/201501/22/00118614001081____1__600x600.jpg","price":"0,82 €","price_unit":"(2,31 € / Litro)","categories":["Supermercado","Bebidas","Agua, Refrescos y Zumos","Refrescos y gaseosa","Refresco té lata","ARIZONA Green Tea con granada lata 35,5 cl"],"general_information":["Denominación del alimento: ARIZONA POMEGRANATE 1/3 LATA CJ-24U.","Nombre del operador: DAMM S.A.","Dirección del operador: C/ ROSELLO , 515  BARCELONA, BARCELONA","Cantidad Neta: 0.330 Litros","Otras menciones obligatorias en la etiqueta: Refrescos Té"],"ingredients":[],"conservation":" Mantener en lugar fresco, oscuro y seco","ean":"0613008743604"},{"full_name":"ALIADA refresco de té al limón botella 1,5 l","name":"refresco de té al limón botella 1,5 l","brand":"ALIADA ","img":"https://sgfm.elcorteingles.es/SGFM/00/91/9/0118614000919/0118614000919000g01011.jpg","price":"0,70 €","price_unit":"(0 € / Litro)","categories":["Supermercado","Bebidas","Agua, Refrescos y Zumos","Refrescos y gaseosa","Refresco té botella","ALIADA refresco de té al limón botella 1,5 l"],"general_information":["Denominación del alimento: BEBIDA REFRESCANTE DE EXTRACTOS","Nombre del operador: Elaborado para el / Produzido para o\nGrupo El Corte Inglés\nHermosilla, 112   28009 Madrid ? España / Espanha\npor NIF: A81224495","Número de raciones por envase: 6.0"],"ingredients":[" Ingredientes: Agua mineral natural (91%), azúcar, acidulante ácido cítrico, extracto de té (0,13%), corrector de acidez citrato sódico, antioxidante ácido ascórbico y aroma natural de limón"],"conservation":" Conservar en lugar limpio, fresco y seco. Proteger de la luz solar y de olores agresivos. Una vez abierto el envase, consérvese refrigerado y consumir en 2-3 días tras su apertura. No reutilizar el envase","ean":"8433329002110"},{"full_name":"ALIADA refresco de té al limón sin azúcar botella 1,5 l","name":"refresco de té al limón sin azúcar botella 1,5 l","brand":"ALIADA ","img":"https://sgfm.elcorteingles.es/SGFM/00/92/7/0118614000927/0118614000927000g01011.jpg","price":"0,70 €","price_unit":"(0 € / Litro)","categories":["Supermercado","Bebidas","Agua, Refrescos y Zumos","Refrescos y gaseosa","Refresco té botella","ALIADA refresco de té al limón sin azúcar botella 1,5 l"],"general_information":["Denominación del alimento: BEBIDA REFRESCANTE DE EXTRACTOS CON EDULCORANTE(S)","Nombre del operador: Elaborado para el / Produzido para o\nGrupo El Corte Inglés\nHermosilla, 112   28009 Madrid ? España / Espanha\npor NIF: A81224495","Número de raciones por envase: 6.0"],"ingredients":[" Ingredientes: Agua mineral natural (99%), acidulante ácido cítrico, extracto de té (0,13%), corrector de acidez citrato sódico, antioxidante ácido ascórbico, edulcorantes acesulfamo k y aspartamo y aroma de limón."],"conservation":" Conservar en lugar limpio, fresco y seco. Proteger de la luz solar y de olores agresivos. Una vez abierto el envase, consérvese refrigerado y consumir en 2-3 días tras su apertura. No reutilizar el envase.","ean":"8433329002127"},{"full_name":"NESTEA refresco de té al limón pack 4 botellas 1,5 l","name":"refresco de té al limón pack 4 botellas 1,5 l","brand":"NESTEA ","img":"https://sgfm.elcorteingles.es/SGFM/00/88/5/0118614000885/0118614000885000g01011.jpg","price":"5,04 €","price_unit":"(0,84 € / Litro)","categories":["Supermercado","Bebidas","Agua, Refrescos y Zumos","Refrescos y gaseosa","Refresco té botella","NESTEA refresco de té al limón pack 4 botellas 1,5 l"],"general_information":["Denominación del alimento: Bebida refrescante de extractos","Nombre del operador: Coca-Cola European Partners Iberia, S.L.U.","Dirección del operador: C/Ribera del Loira 20-22, 28042 - Madrid (España).","Cantidad Neta: 4 Unidad"],"ingredients":[" Agua, azúcar, correctores de acidez: E-330 y E-331, extracto de té , zumo de limón a partir de concentrado (0,1%), antioxidante: ácido ascórbico y aromas naturales."],"ean":"5449000140005"},{"full_name":"NESTEA refresco de té al limón sin azúcar light pack 4 botellas 1,5 l","name":"refresco de té al limón sin azúcar light pack 4 botellas 1,5 l","brand":"NESTEA ","img":"https://sgfm.elcorteingles.es/SGFM/00/89/3/0118614000893/0118614000893000g01011.jpg","price":"5,04 €","price_unit":"(0,84 € / Litro)","categories":["Supermercado","Bebidas","Agua, Refrescos y Zumos","Refrescos y gaseosa","Refresco té botella","NESTEA refresco de té al limón sin azúcar light pack 4 botellas 1,5 l"],"general_information":["Denominación del alimento: Bebida refrescante de extractos. con edulcorantes","Nombre del operador: Coca-Cola European Partners Iberia, S.L.U.","Dirección del operador: C/Ribera del Loira 20-22, 28042 - Madrid (España).","Cantidad Neta: 4 Unidad"],"ingredients":[" Agua, correctores de acidez E-296 y E-331, zumo de limón a partir de concentrado (0,1%), extracto de té, edulcorantes E-952, E-950 y aspartamo, antioxidante E-300 y aromas naturales. Contiene una fuente de fenilalanina."],"ean":"5449000169129"},{"full_name":"NESTEA refresco de té al limón botella 1,5 l","name":"refresco de té al limón botella 1,5 l","brand":"NESTEA ","img":"https://sgfm.elcorteingles.es/SGFM/00/83/6/0118614000836/0118614000836000g01011.jpg","price":"1,37 €","price_unit":"(0,91 € / Litro)","categories":["Supermercado","Bebidas","Agua, Refrescos y Zumos","Refrescos y gaseosa","Refresco té botella","NESTEA refresco de té al limón botella 1,5 l"],"general_information":["Denominación del alimento: Bebida refrescante de extractos","Nombre del operador: Coca-Cola European Partners Iberia, S.L.U.","Dirección del operador: C/Ribera del Loira 20-22, 28042 - Madrid (España).","Cantidad Neta: 1.5 Litros"],"ingredients":[" Agua, azúcar, correctores de acidez: E-330 y E-331, extracto de té , zumo de limón a partir de concentrado (0,1%), antioxidante: ácido ascórbico y aromas naturales."],"ean":"5449000017376"},{"full_name":"NESTEA refresco de té al limón botella 50 cl","name":"refresco de té al limón botella 50 cl","brand":"NESTEA ","img":"https://sgfm.elcorteingles.es/SGFM/00/69/5/0118614000695/0118614000695000g01011.jpg","price":"1,00 €","price_unit":"(2 € / Litro)","categories":["Supermercado","Bebidas","Agua, Refrescos y Zumos","Refrescos y gaseosa","Refresco té botella","NESTEA refresco de té al limón botella 50 cl"],"general_information":["Denominación del alimento: Bebida refrescante de extractos","Nombre del operador: Coca-Cola European Partners Iberia, S.L.U.","Dirección del operador: C/Ribera del Loira 20-22, 28042 - Madrid (España).","Cantidad Neta: 0.5 Litros"],"ingredients":[" Agua, azúcar, correctores de acidez: E-330 y E-331, extracto de té , zumo de limón a partir de concentrado (0,1%), antioxidante: ácido ascórbico y aromas naturales."],"ean":"0000090494741"},{"full_name":"NESTEA refresco de té al limón sin azúcar light botella 1,5 l","name":"refresco de té al limón sin azúcar light botella 1,5 l","brand":"NESTEA ","img":"https://sgfm.elcorteingles.es/SGFM/dctm/MEDIA03/201607/08/00118614000844____1__600x600.jpg","price":"1,37 €","price_unit":"(0,91 € / Litro)","categories":["Supermercado","Bebidas","Agua, Refrescos y Zumos","Refrescos y gaseosa","Refresco té botella","NESTEA refresco de té al limón sin azúcar light botella 1,5 l"],"general_information":["Denominación del alimento: Bebida refrescante de extractos. con edulcorantes","Nombre del operador: Coca-Cola European Partners Iberia, S.L.U.","Dirección del operador: C/Ribera del Loira 20-22, 28042 - Madrid (España).","Cantidad Neta: 1.5 Litros"],"ingredients":[" Agua, correctores de acidez E-296 y E-331, zumo de limón a partir de concentrado (0,1%), extracto de té, edulcorantes E-952, E-950 y aspartamo, antioxidante E-300 y aromas naturales. Contiene una fuente de fenilalanina."],"ean":"5449000088550"},{"full_name":"NESTEA refresco de té al limón desteinado sin azúcar botella 1,5 l","name":"refresco de té al limón desteinado sin azúcar botella 1,5 l","brand":"NESTEA ","img":"https://sgfm.elcorteingles.es/SGFM/00/87/7/0118614000877/0118614000877000g01011.jpg","price":"1,37 €","price_unit":"(0,91 € / Litro)","categories":["Supermercado","Bebidas","Agua, Refrescos y Zumos","Refrescos y gaseosa","Refresco té botella","NESTEA refresco de té al limón desteinado sin azúcar botella 1,5 l"],"general_information":["Denominación del alimento: Bebida refrescante aromatizada. con edulcorantes","Nombre del operador: Coca-Cola European Partners Iberia, S.L.U.","Dirección del operador: C/Ribera del Loira 20-22, 28042 - Madrid (España).","Cantidad Neta: 1.5 Litros"],"ingredients":[" Agua, correctores de acidez E-296 y E-331, aromas (incluyendo extracto de té descafeinado), edulcorantes E-952, E-950 y aspartamo y antioxidante E-300. Contiene una fuente de fenilalanina"],"ean":"5449000169105"},{"full_name":"NESTEA refresco de té al melocotón blanco botella 1,5 l","name":"refresco de té al melocotón blanco botella 1,5 l","brand":"NESTEA ","img":"https://sgfm.elcorteingles.es/SGFM/00/86/9/0118614000869/0118614000869000g01011.jpg","price":"1,37 €","price_unit":"(0,91 € / Litro)","categories":["Supermercado","Bebidas","Agua, Refrescos y Zumos","Refrescos y gaseosa","Refresco té botella","NESTEA refresco de té al melocotón blanco botella 1,5 l"],"general_information":["Denominación del alimento: Bebida refrescante de extractos","Nombre del operador: Coca-Cola European Partners Iberia, S.L.U.","Dirección del operador: C/Ribera del Loira 20-22, 28042 - Madrid (España).","Cantidad Neta: 1.5 Litros"],"ingredients":[" Agua, azúcar, aromas, correctores de acidez E-330 y E-331, extracto de té y antioxidante E-300."],"ean":"5449000169112"},{"full_name":"ARIZONA refresco de té verde con limón botella 50 cl","name":"refresco de té verde con limón botella 50 cl","brand":"ARIZONA ","img":"https://sgfm.elcorteingles.es/SGFM/dctm/MEDIA02/CONTENIDOS/201502/25/00200514001213____1__600x600.jpg","price":"1,00 €","price_unit":"(2 € / Litro)","categories":["Supermercado","Bebidas","Agua, Refrescos y Zumos","Refrescos y gaseosa","Refresco té botella","ARIZONA refresco de té verde con limón botella 50 cl"],"general_information":["Denominación del alimento: ARIZONA LEMON TEA 1/2 PET BANDEJA 6U.","Nombre del operador: DAMM S.A.","Dirección del operador: C/ ROSELLO , 515  BARCELONA, BARCELONA","Cantidad Neta: 0.500 Litros","Otras menciones obligatorias en la etiqueta: Refrescos Té"],"ingredients":[],"conservation":" Mantener en lugar fresco, oscuro y seco","ean":"0613008730697"},{"full_name":"ARIZONA refresco de té verde con miel botella 50 cl","name":"refresco de té verde con miel botella 50 cl","brand":"ARIZONA ","img":"https://sgfm.elcorteingles.es/SGFM/01/00/8/0118614001008/0118614001008000g01011.jpg","price":"0,99 €","price_unit":"(1,98 € / Litro)","categories":["Supermercado","Bebidas","Agua, Refrescos y Zumos","Refrescos y gaseosa","Refresco té botella","ARIZONA refresco de té verde con miel botella 50 cl"],"general_information":["Denominación del alimento: ARIZONA GREEN TEA-MIEL 1/2 PET BAND.6U.","Nombre del operador: DAMM S.A.","Dirección del operador: C/ ROSELLO , 515  BARCELONA, BARCELONA","Cantidad Neta: 0.500 Litros","Otras menciones obligatorias en la etiqueta: Refrescos Té"],"ingredients":[],"conservation":" Mantener en lugar fresco, oscuro y seco","ean":"0613008730734"},{"full_name":"ARIZONA Zero refresco de té verde sin azúcar botella 50 cl","name":"Zero refresco de té verde sin azúcar botella 50 cl","brand":"ARIZONA ","img":"https://sgfm.elcorteingles.es/SGFM/dctm/MEDIA02/CONTENIDOS/201502/09/00118614000992____1__600x600.jpg","price":"0,99 €","price_unit":"(1,98 € / Litro)","categories":["Supermercado","Bebidas","Agua, Refrescos y Zumos","Refrescos y gaseosa","Refresco té botella","ARIZONA Zero refresco de té verde sin azúcar botella 50 cl"],"general_information":["Denominación del alimento: ARIZONA ZERO 1/2 PET BANDEJA 6U.","Nombre del operador: DAMM S.A.","Dirección del operador: C/ ROSELLO , 515  BARCELONA, BARCELONA","Cantidad Neta: 0.500 Litros","Otras menciones obligatorias en la etiqueta: Refrescos Té"],"ingredients":[],"conservation":" Mantener en lugar fresco, oscuro y seco","ean":"0613008734541"},{"full_name":"ARIZONA té verde con granada botella 50 cl","name":"té verde con granada botella 50 cl","brand":"ARIZONA ","img":"https://sgfm.elcorteingles.es/SGFM/dctm/MEDIA02/CONTENIDOS/201502/25/00200514001197____1__600x600.jpg","price":"1,00 €","price_unit":"(2 € / Litro)","categories":["Supermercado","Bebidas","Agua, Refrescos y Zumos","Refrescos y gaseosa","Refresco té botella","ARIZONA té verde con granada botella 50 cl"],"general_information":["Denominación del alimento: ARIZONA POMEGRANATE 1/2 PET BANDEJA 6U.","Nombre del operador: DAMM S.A.","Dirección del operador: C/ ROSELLO , 515  BARCELONA, BARCELONA","Cantidad Neta: 0.500 Litros","Otras menciones obligatorias en la etiqueta: Refrescos Té"],"ingredients":[],"conservation":" Mantener en lugar fresco, oscuro y seco","ean":"0613008730758"},{"full_name":"ARIZONA refresco de té blanco con arándanos envase 50 cl","name":"refresco de té blanco con arándanos envase 50 cl","brand":"ARIZONA ","img":"https://sgfm.elcorteingles.es/SGFM/dctm/MEDIA02/CONTENIDOS/201502/25/00200514001205____1__600x600.jpg","price":"1,00 €","price_unit":"(2 € / Litro)","categories":["Supermercado","Bebidas","Agua, Refrescos y Zumos","Refrescos y gaseosa","Refresco té botella","ARIZONA refresco de té blanco con arándanos envase 50 cl"],"general_information":["Denominación del alimento: ARIZONA BLUEBERRY 1/2 PET BANDEJA 6U.","Nombre del operador: DAMM S.A.","Dirección del operador: C/ ROSELLO , 515  BARCELONA, BARCELONA","Cantidad Neta: 0.500 Litros","Otras menciones obligatorias en la etiqueta: Refrescos Té"],"ingredients":[],"conservation":" Mantener en lugar fresco, oscuro y seco","ean":"0613008730772"},{"full_name":"ARIZONA té helado con melocotón botella 50 cl","name":"té helado con melocotón botella 50 cl","brand":"ARIZONA ","img":"https://sgfm.elcorteingles.es/SGFM/dctm/MEDIA02/CONTENIDOS/201501/22/00118614001065____1__600x600.jpg","price":"0,99 €","price_unit":"(1,98 € / Litro)","categories":["Supermercado","Bebidas","Agua, Refrescos y Zumos","Refrescos y gaseosa","Refresco té botella","ARIZONA té helado con melocotón botella 50 cl"],"general_information":["Denominación del alimento: ARIZONA MELOCOTON 1/2 PET BANDEJA 6U.","Nombre del operador: DAMM S.A.","Dirección del operador: C/ ROSELLO , 515  BARCELONA, BARCELONA","Cantidad Neta: 0.500 Litros","Otras menciones obligatorias en la etiqueta: Refrescos Té"],"ingredients":[],"conservation":" Mantener en lugar fresco, oscuro y seco","ean":"0613008730710"},{"full_name":"LIPTON Ice Tea al limón botella 1,5 l","name":"Ice Tea al limón botella 1,5 l","brand":"LIPTON ","img":"https://sgfm.elcorteingles.es/SGFM/dctm/MEDIA02/CONTENIDOS/201509/17/00118614000281____1__600x600.jpg","price":"1,19 €","price_unit":"(0 € / Litro)","categories":["Supermercado","Bebidas","Agua, Refrescos y Zumos","Refrescos y gaseosa","Refresco té botella","LIPTON Ice Tea al limón botella 1,5 l"],"general_information":["Denominación del alimento: Bebida refrescante de extracto de té con zumo de limón con azúcares y edulcorante. Beber muy frio. Sin gas.","Nombre del operador: Compañía de Bebidas Pepsico, s.l.","Dirección del operador: Avda. de los Olmos, 2, 01013 - Vitoria","Cantidad Neta: 1.5 Litros"],"ingredients":[" Agua, azúcar, fructosa, acidulante: ácido cítrico, extracto de té (0,12%), zumo de limón a partir de concentrado (0,1%), corrector de acidez: citrato sódico, aromas, antioxidante: ácido ascórbico, edulcorante: glucósidos de esteviol."],"conservation":" Proteger de la luz solar y de olores agresivos. Conservar en lugar limpio, fresco y seco. Evitar el contacto directo con el suelo. Una vez abierto, conservar refrigerado y consumir en 3 días.","ean":"8410409014881"},{"full_name":"LIPTON Ice Tea Green botella 1,5 l","name":"Ice Tea Green botella 1,5 l","brand":"LIPTON ","img":"https://sgfm.elcorteingles.es/SGFM/dctm/MEDIA02/CONTENIDOS/201509/17/00118614000455____1__600x600.jpg","price":"1,19 €","price_unit":"(0 € / Litro)","categories":["Supermercado","Bebidas","Agua, Refrescos y Zumos","Refrescos y gaseosa","Refresco té botella","LIPTON Ice Tea Green botella 1,5 l"],"general_information":["Denominación del alimento: Bebida refrescante de extracto de té verde con azúcares y edulcorante. Beber muy frío. Sin gas.","Nombre del operador: Compañía de Bebidas Pepsico, s.l.","Dirección del operador: Avda. de los Olmos, 2, 01013 - Vitoria","Cantidad Neta: 1.5 Litros"],"ingredients":[" Agua, azúcar, fructosa, extracto de té verde (0,13%), acidulante: ácido cítrico, corrector de acidez: citrato sódico, antioxidante: ácido ascórbico, aromas, edulcorante: glucósidos de esteviol."],"conservation":" Proteger de la luz solar y de olores agresivos. Conservar en lugar limpio, fresco y seco. Evitar el contacto directo con el suelo. Una vez abierto, conservar refrigerado y consumir en 3 días.","ean":"8410409014928"},{"full_name":"UMAI CHA refresco de te verde botella 500 ml","name":"refresco de te verde botella 500 ml","brand":"UMAI CHA ","img":"https://sgfm.elcorteingles.es/SGFM/dctm/MEDIA03/201710/19/00118614001339____1__600x600.jpg","price":"1,99 €","categories":["Supermercado","Bebidas","Agua, Refrescos y Zumos","Refrescos y gaseosa","Refresco té botella","UMAI CHA refresco de te verde botella 500 ml"],"general_information":["Denominación del alimento: Infusión De Té Verde","País de origen: España","Nombre del operador: Sanmy S.A.","Dirección del operador: Carretera de Castellar del Vallés nº 586 - 08227 Terrassa (Barcelona)","Cantidad Neta: 500 Mililitros"],"ingredients":[" Infusión de té 99,9% (agua, té verde), antioxidante: ácido ascórbico, regulador de acidez: bicarbonato de sodio."],"conservation":" Una vez abierto, mantener en un lugar fresco y consumir antes de 3 dáias","ean":"8436564110015"},{"full_name":"UMAI CHA refresco de te verde con arroz tostado botella 500 ml","name":"refresco de te verde con arroz tostado botella 500 ml","brand":"UMAI CHA ","img":"https://sgfm.elcorteingles.es/SGFM/dctm/MEDIA03/201710/19/00118614001313____1__600x600.jpg","price":"1,99 €","categories":["Supermercado","Bebidas","Agua, Refrescos y Zumos","Refrescos y gaseosa","Refresco té botella","UMAI CHA refresco de te verde con arroz tostado botella 500 ml"],"general_information":["Denominación del alimento: Infusión De Té Verde Con Arroz","País de origen: España","Nombre del operador: Sanmy S.A.","Dirección del operador: Carretera de Castellar del Vallés nº 586 - 08227 Terrassa (Barcelona)","Cantidad Neta: 500 Mililitros"],"ingredients":[" Infusión de té Genmai 99,9 % (agua, té verde y arroz integral tostado), antioxidante: ácido ascórbico, regulador de acidez: bicarbonato de sodio."],"conservation":" Una vez abierto, mantener en un lugar fresco y consumir antes de 3 dáias","ean":"8436564110022"},{"full_name":"UMAI CHA refresco de te verde tostado botella 500 ml","name":"refresco de te verde tostado botella 500 ml","brand":"UMAI CHA ","img":"https://sgfm.elcorteingles.es/SGFM/dctm/MEDIA03/201710/19/00118614001321____1__600x600.jpg","price":"1,99 €","categories":["Supermercado","Bebidas","Agua, Refrescos y Zumos","Refrescos y gaseosa","Refresco té botella","UMAI CHA refresco de te verde tostado botella 500 ml"],"general_information":["Denominación del alimento: Infusión De Té Verde Tostado","País de origen: España","Nombre del operador: Sanmy S.A.","Dirección del operador: Carretera de Castellar del Vallés nº 586 - 08227 Terrassa (Barcelona)","Cantidad Neta: 500 Mililitros"],"ingredients":[" Infusión de té Houji-cha 99,9 % (agua, te verde tostado), antioxidante: ácido ascórbico, regulador de acidez: bicarbonato de sodio."],"conservation":" Una vez abierto, mantener en un lugar fresco y consumir antes de 3 dáias","ean":"8436564110039"},{"full_name":"CUIDA TE Fresh Tea té verde + hierbabuena en infusión envase 330 g","name":"Fresh Tea té verde + hierbabuena en infusión envase 330 g","brand":"CUIDA TE ","img":"https://sgfm.elcorteingles.es/SGFM/dctm/MEDIA03/201707/12/00118823900677____1__600x600.jpg","price":"1,25 €","price_unit":"(3,79 € / Kilo)","categories":["Supermercado","Bebidas","Agua, Refrescos y Zumos","Refrescos y gaseosa","Refresco té botella","CUIDA TE Fresh Tea té verde + hierbabuena en infusión envase 330 g"],"general_information":[],"ingredients":[],"ean":"8435336250027"},{"full_name":"CUIDA TE Fresh Tea té verde con zumo de limón en infusión envase 330 g","name":"Fresh Tea té verde con zumo de limón en infusión envase 330 g","brand":"CUIDA TE ","img":"https://sgfm.elcorteingles.es/SGFM/dctm/MEDIA03/201707/12/00118823900685____1__600x600.jpg","price":"1,25 €","price_unit":"(3,79 € / Kilo)","categories":["Supermercado","Bebidas","Agua, Refrescos y Zumos","Refrescos y gaseosa","Refresco té botella","CUIDA TE Fresh Tea té verde con zumo de limón en infusión envase 330 g"],"general_information":[],"ingredients":[],"ean":"8435336250010"},{"full_name":"CUIDA TE Fresh Tea té verde con zumo de melocotón y frutas del bosque en infusión envase 330 g","name":"Fresh Tea té verde con zumo de melocotón y frutas del bosque en infusión envase 330 g","brand":"CUIDA TE ","img":"https://sgfm.elcorteingles.es/SGFM/dctm/MEDIA03/201707/12/00118823900693____1__600x600.jpg","price":"1,25 €","price_unit":"(3,79 € / Kilo)","categories":["Supermercado","Bebidas","Agua, Refrescos y Zumos","Refrescos y gaseosa","Refresco té botella","CUIDA TE Fresh Tea té verde con zumo de melocotón y frutas del bosque en infusión envase 330 g"],"general_information":[],"ingredients":[],"ean":"8435336250034"},{"full_name":"CUIDA TE Fresh Tea té verde con zumo de mango y fresa en infusión envase 330 g","name":"Fresh Tea té verde con zumo de mango y fresa en infusión envase 330 g","brand":"CUIDA TE ","img":"https://sgfm.elcorteingles.es/SGFM/dctm/MEDIA03/201707/12/00118823900701____1__600x600.jpg","price":"1,25 €","price_unit":"(3,79 € / Kilo)","categories":["Supermercado","Bebidas","Agua, Refrescos y Zumos","Refrescos y gaseosa","Refresco té botella","CUIDA TE Fresh Tea té verde con zumo de mango y fresa en infusión envase 330 g"],"general_information":[],"ingredients":[],"ean":"8435336250065"},{"full_name":"PIERRE MARTINET green tea de granada y uva blanca botella 240 ml","name":"green tea de granada y uva blanca botella 240 ml","brand":"PIERRE MARTINET ","img":"https://sgfm.elcorteingles.es/SGFM/dctm/MEDIA03/201709/06/00118823900610____1__600x600.jpg","price":"1,25 €","price_unit":"(5,21 € / Litro)","categories":["Supermercado","Bebidas","Agua, Refrescos y Zumos","Refrescos y gaseosa","Refresco té botella","PIERRE MARTINET green tea de granada y uva blanca botella 240 ml"],"general_information":["Denominación del alimento: Bebida a base de infusión de té verde y de zumos de frutas","Nombre del operador: Martinet Ibérica Interc., S.L.","Dirección del operador: Carretera de Villaverde a Vallecas, km 3,5 - CTM - C alle S8 - Naves 1 y 2 - 28053 Madrid","Cantidad Neta: 240 Mililitros","Otras menciones obligatorias en la etiqueta: Sin aroma. Sin conservantes. Sin colorantes."],"ingredients":[" Infusión de té verde 46% (agua, té verde), agua, zumo de manzana concentrado 23%, zumo de furtas a base de concentrado 8% (uva blanca 3.5%, granada 2%, limón, grosella, bayas de saúco, grosella negra). Contiene azúcares naturalmente presentes."],"conservation":" Consérvese entre 0°C y +7°C. Una vez abierto, tapar y consumir antes de 24h. Se conserva durante un máximo de 8h fuera de la nevera.","ean":"3281780880687"},{"full_name":"PIERRE MARTINET green tea con limón y arándanos rojos botella 240 ml","name":"green tea con limón y arándanos rojos botella 240 ml","brand":"PIERRE MARTINET ","img":"https://sgfm.elcorteingles.es/SGFM/dctm/MEDIA03/201709/06/00118823900628____1__600x600.jpg","price":"1,25 €","price_unit":"(5,21 € / Litro)","categories":["Supermercado","Bebidas","Agua, Refrescos y Zumos","Refrescos y gaseosa","Refresco té botella","PIERRE MARTINET green tea con limón y arándanos rojos botella 240 ml"],"general_information":["Denominación del alimento: Bebida a base de zumos de fruta y de infusión de té verde","Nombre del operador: Martinet Ibérica Interc., S.L.","Dirección del operador: Carretera de Villaverde a Vallecas, km 3,5 - CTM - C alle S8 - Naves 1 y 2 - 28053 Madrid","Cantidad Neta: 240 Mililitros","Otras menciones obligatorias en la etiqueta: Sin aroma. Sin conservantes. Sin colorantes."],"ingredients":[" Zumo de frutas a base de concentrado 54% (manzana, arándano rojo 2.9%, limón 2.4%), infusión de té verde 44% (agua, té verde, especia), agua. Contiene azúcares naturalmente presentes."],"conservation":" Consérvese entre 0°C y +7°C. Consúmase rápidamente tras su apertura. Se conserva durante un máximo de 8h fuera de la nevera.","ean":"3281780880670"},{"full_name":"TRINA refresco manzana sin burbujas botella 1,5 l","name":"refresco manzana sin burbujas botella 1,5 l","brand":"TRINA ","img":"https://sgfm.elcorteingles.es/SGFM/dctm/MEDIA03/201606/13/00118633800596____2__600x600.jpg","price":"1,39 €","price_unit":"(0 € / Litro)","categories":["Supermercado","Bebidas","Agua, Refrescos y Zumos","Refrescos y gaseosa","Refresco manzana","TRINA refresco manzana sin burbujas botella 1,5 l"],"general_information":["Denominación del alimento: Bebida refrescante de zumo de frutas.","Nombre del operador: Schweppes, S.A. \"Envasado con licencia de schweppes international limited.\"","Dirección del operador: Pº Castellana 202, 28046 Madrid","Cantidad Neta: 1.5 Litros","Otras menciones obligatorias en la etiqueta: 16% de zumo."],"ingredients":[" Agua, zumo de manzana a partir de concentrado (16%), azúcar, jarabe de glucosa y fructosa, aromas naturales, acidulante: ácido cítrico, extracto de malta de cebada, vitamina C."],"conservation":" Mantener en lugar fresco y seco. Proteger de la luz solar y de olores intensos. Una vez abierto conservar en frío.","ean":"8411800376653"},{"full_name":"TRINA manzana sin burbujas lata 33 cl","name":"manzana sin burbujas lata 33 cl","brand":"TRINA ","img":"https://sgfm.elcorteingles.es/SGFM/dctm/MEDIA02/CONTENIDOS/201505/26/00118633800356____1__600x600.jpg","price":"0,56 €            ","price_unit":"(1,67 € / Litro)","categories":["Supermercado","Bebidas","Agua, Refrescos y Zumos","Refrescos y gaseosa","Refresco manzana","TRINA manzana sin burbujas lata 33 cl"],"general_information":["Denominación del alimento: Bebida refrescante de zumo de frutas.","Nombre del operador: Schweppes, S.A. \"Envasado con licencia de schweppes international limited.\"","Dirección del operador: Pº Castellana 202, 28046 Madrid","Cantidad Neta: 33 Centilitros","Otras menciones obligatorias en la etiqueta: 16% de zumo."],"ingredients":[" Agua, zumo de manzana a partir de concentrado (16%), azúcar, jarabe de glucosa y fructosa, aromas naturales, acidulante: ácido cítrico, extracto de malta de cebada, vitamina C."],"conservation":" Mantener en lugar fresco y seco. Proteger de la luz solar y de olores intensos. Una vez abierto conservar en frío.","ean":"8411800319155"},{"full_name":"TRINA Zero refresco de manzana sin burbujas sin azúcares añadidos botella 1,5 l","name":"Zero refresco de manzana sin burbujas sin azúcares añadidos botella 1,5 l","brand":"TRINA ","img":"https://sgfm.elcorteingles.es/SGFM/dctm/MEDIA03/201606/13/00118633800661____2__600x600.jpg","price":"1,39 €","price_unit":"(0 € / Litro)","categories":["Supermercado","Bebidas","Agua, Refrescos y Zumos","Refrescos y gaseosa","Refresco manzana","TRINA Zero refresco de manzana sin burbujas sin azúcares añadidos botella 1,5 l"],"general_information":["Denominación del alimento: Bebida refrescante de zumo de frutas. Con edulcorantes.","Nombre del operador: Schweppes, S.A. \"Envasado con licencia de schweppes international limited.\"","Dirección del operador: Pº Castellana 202, 28046 Madrid","Cantidad Neta: 1.5 Litros","Otras menciones obligatorias en la etiqueta: 16% de zumo."],"ingredients":[" Agua, zumo de manzana a partir de concentrado (16%), aromas naturales, acidulantes: ácido cítrico y ácido málico, extracto de malta de cebada, edulcorantes: E-952 y E-955."],"conservation":" Mantener en lugar fresco y seco. Proteger de la luz solar y de olores intensos. Una vez abierto conservar en frío.","ean":"8411800312842"},{"full_name":"TRINA Zero refresco de manzana botella 27,50 cl","name":"Zero refresco de manzana botella 27,50 cl","brand":"TRINA ","img":"https://sgfm.elcorteingles.es/SGFM/dctm/MEDIA03/201705/23/00118633800778____1__600x600.jpg","price":"0,60 €","price_unit":"(2,18 € / Litro)","categories":["Supermercado","Bebidas","Agua, Refrescos y Zumos","Refrescos y gaseosa","Refresco manzana","TRINA Zero refresco de manzana botella 27,50 cl"],"general_information":["Denominación del alimento: Bebida refrescante de zumo de frutas. Con edulcorantes.","Nombre del operador: Schweppes, S.A. \"Envasado con licencia de schweppes international limited.\"","Dirección del operador: Pº Castellana 202, 28046 Madrid","Cantidad Neta: 27.5 Centilitros","Otras menciones obligatorias en la etiqueta: 16% de zumo."],"ingredients":[" Agua, zumo de manzana a partir de concentrado (16%), aromas naturales, acidulantes: ácido cítrico y ácido málico, extracto de malta de cebada, edulcorantes: E-952 y E-955."],"conservation":" Mantener en lugar fresco y seco. Proteger de la luz solar y de olores intensos. Una vez abierto conservar en frío.","ean":"8411800353845"},{"full_name":"ROBINSONS refresco de manzana sin gas sin azúcares botella 1 l","name":"refresco de manzana sin gas sin azúcares botella 1 l","brand":"ROBINSONS ","img":"https://sgfm.elcorteingles.es/SGFM/dctm/MEDIA03/201703/28/00118633800745____1__600x600.jpg","price":"2,18 €","price_unit":"(2,18 € / Litro)","categories":["Supermercado","Bebidas","Agua, Refrescos y Zumos","Refrescos y gaseosa","Refresco manzana","ROBINSONS refresco de manzana sin gas sin azúcares botella 1 l"],"general_information":[],"ingredients":[],"ean":"5010102116795"},{"full_name":"GOYA refresco de manzana botella 2 l","name":"refresco de manzana botella 2 l","brand":"GOYA ","img":"https://sgfm.elcorteingles.es/SGFM/dctm/MEDIA03/201703/24/00118620101115____1__600x600.jpg","price":"1,59 €","price_unit":"(0,80 € / Litro)","categories":["Supermercado","Bebidas","Agua, Refrescos y Zumos","Refrescos y gaseosa","Refresco manzana","GOYA refresco de manzana botella 2 l"],"general_information":["Denominación del alimento: Bebida refrescante aromatizada","País de origen: España","Nombre del operador: Productos Goya Nativo S.L.","Dirección del operador: Avda. de la Constitución, 115 Pol. Industrial Monte Boyal 45950 Casarrubios del Monte (Toledo) España","Cantidad Neta: 2 Litros","Otras menciones obligatorias en la etiqueta: Contiene colorante E-110 y colorante Ponceau 4R que puede tener efectos negativos sobre la actividad y atención de los niños"],"ingredients":[" Agua carbonatada , jarabe de fructosa , jarabe de glucosa , acidulante e-330 , edulcorante e-952 , edulcorante e-954 , edulcorante e-950 , edulcorante e-951 , aroma , conservante e-202 , conservante e-211 , colorante e-110 , colorante e-124"],"conservation":" Ambiente seco y fresco.","ean":"8426967042341"},{"full_name":"J2O refresco de manzana y frambuesa sin gas botella 27,50 cl","name":"refresco de manzana y frambuesa sin gas botella 27,50 cl","brand":"J2O ","img":"https://sgfm.elcorteingles.es/SGFM/dctm/MEDIA03/201704/10/00118633800695____1__600x600.jpg","price":"1,68 €","price_unit":"(6,11 € / Litro)","categories":["Supermercado","Bebidas","Agua, Refrescos y Zumos","Refrescos y gaseosa","Refresco manzana","J2O refresco de manzana y frambuesa sin gas botella 27,50 cl"],"general_information":[],"ingredients":[],"ean":"0000050412143"},{"full_name":"J2O refresco de manzana y mango sin gas botella 27,50 cl","name":"refresco de manzana y mango sin gas botella 27,50 cl","brand":"J2O ","img":"https://sgfm.elcorteingles.es/SGFM/dctm/MEDIA03/201704/10/00118633800703____1__600x600.jpg","price":"1,68 €","price_unit":"(6,11 € / Litro)","categories":["Supermercado","Bebidas","Agua, Refrescos y Zumos","Refrescos y gaseosa","Refresco manzana","J2O refresco de manzana y mango sin gas botella 27,50 cl"],"general_information":[],"ingredients":[],"ean":"0000050412044"},{"full_name":"TAMESIS bebida de Aloe Vera botella 50 cl","name":"bebida de Aloe Vera botella 50 cl","brand":"TAMESIS ","img":"https://sgfm.elcorteingles.es/SGFM/dctm/MEDIA02/CONTENIDOS/201504/24/00118620100836____3__600x600.jpg","price":"1,50 €","price_unit":"(3 € / Litro)","categories":["Supermercado","Bebidas","Agua, Refrescos y Zumos","Refrescos y gaseosa","Refrescos diversos","TAMESIS bebida de Aloe Vera botella 50 cl"],"general_information":[],"ingredients":[],"ean":"7709990026917"},{"full_name":"SUNNY DELIGHT Florida refresco multifrutas botella 1,25 l","name":"Florida refresco multifrutas botella 1,25 l","brand":"SUNNY DELIGHT ","img":"https://sgfm.elcorteingles.es/SGFM/00/54/8/0118827100548/0118827100548000g01011.jpg","price":"1,59 €","price_unit":"(1,27 € / Litro)","categories":["Supermercado","Bebidas","Agua, Refrescos y Zumos","Refrescos y gaseosa","Refrescos diversos","SUNNY DELIGHT Florida refresco multifrutas botella 1,25 l"],"general_information":["Denominación del alimento: Bebida refrescante de zumo de frutas, con azúcar y edulcorantes. Con vitaminas.","Nombre del operador: Schweppes, S.A. \"Envasado con licencia de schweppes international limited.\"","Dirección del operador: Pº Castellana 202, 28046 Madrid","Cantidad Neta: 1.5 Litros","Otras menciones obligatorias en la etiqueta: 5% de zumo."],"ingredients":[" Agua, zumos de frutas a partir de concentrados 5% (naranja 4,4%, pomelo rojo 0,5% y lima 0,1%), azúcar, acidulante: ácido cítrico, estabilizantes: goma arábiga, E-452i, goma xantana y goma de celulosa, aroma natural de naranja con otros aromas naturales, vitaminas: A (añadida como betacaroteno), B6, C, D y E, edulcorantes: sucralosa y ciclamato sódico."],"conservation":" Mantener en lugar fresco y seco. Proteger de la luz solar y de olores intensos. Una vez abierto conservar en frío.","ean":"8414100332244"},{"full_name":"SUNNY DELIGHT Florida refresco multifrutas pack 4 botella 200 ml","name":"Florida refresco multifrutas pack 4 botella 200 ml","brand":"SUNNY DELIGHT ","img":"https://sgfm.elcorteingles.es/SGFM/00/51/4/0118827100514/0118827100514000g01011.jpg","price":"1,50 €","price_unit":"(7,50 € / Litro)","categories":["Supermercado","Bebidas","Agua, Refrescos y Zumos","Refrescos y gaseosa","Refrescos diversos","SUNNY DELIGHT Florida refresco multifrutas pack 4 botella 200 ml"],"general_information":["Denominación del alimento: Bebida refrescante de zumo de frutas, con azúcar y edulcorantes. Con vitaminas.","Nombre del operador: Schweppes, S.A. \"Envasado con licencia de schweppes international limited.\"","Dirección del operador: Pº Castellana 202, 28046 Madrid","Cantidad Neta: 80 Centilitros","Otras menciones obligatorias en la etiqueta: 5% de zumo."],"ingredients":[" Agua, zumos de frutas a partir de concentrados 5% (naranja 4,4%, pomelo rojo 0,5% y lima 0,1%), azúcar, acidulante: ácido cítrico, estabilizantes: goma arábiga, E-452i, goma xantana y goma de celulosa, aroma natural de naranja con otros aromas naturales, vitaminas: A (añadida como betacaroteno), B6, C, D y E, edulcorantes: sucralosa y ciclamato sódico."],"conservation":" Mantener en lugar fresco y seco. Proteger de la luz solar y de olores intensos. Una vez abierto conservar en frío.","ean":"8414100314257"},{"full_name":"SUNNY DELIGHT Florida refresco multifrutas botella 500 ml","name":"Florida refresco multifrutas botella 500 ml","brand":"SUNNY DELIGHT ","img":"https://sgfm.elcorteingles.es/SGFM/00/28/2/0118827100282/0118827100282000g01011.jpg","price":"0,99 €","price_unit":"(1,98 € / Litro)","categories":["Supermercado","Bebidas","Agua, Refrescos y Zumos","Refrescos y gaseosa","Refrescos diversos","SUNNY DELIGHT Florida refresco multifrutas botella 500 ml"],"general_information":["Denominación del alimento: Bebida refrescante de zumo de frutas, con azúcar y edulcorantes. Con vitaminas.","Nombre del operador: Schweppes, S.A. \"Envasado con licencia de schweppes international limited.\"","Dirección del operador: Pº Castellana 202, 28046 Madrid","Cantidad Neta: 50 Centilitros","Otras menciones obligatorias en la etiqueta: 5% de zumo."],"ingredients":[" Agua, zumos de frutas a partir de concentrados 5% (naranja 4,4%, pomelo rojo 0,5% y lima 0,1%), azúcar, acidulante: ácido cítrico, estabilizantes: goma arábiga, E-452i, goma xantana y goma de celulosa, aroma natural de naranja con otros aromas naturales, vitaminas: A (añadida como betacaroteno), B6, C, D y E, edulcorantes: sucralosa y ciclamato sódico."],"conservation":" Mantener en lugar fresco y seco. Proteger de la luz solar y de olores intensos. Una vez abierto conservar en frío.","ean":"4250155505134"},{"full_name":"SUNNY DELIGHT California refresco multifrutas botella 1,25 l","name":"California refresco multifrutas botella 1,25 l","brand":"SUNNY DELIGHT ","img":"https://sgfm.elcorteingles.es/SGFM/00/54/2/0201027100542/0201027100542000g01011.jpg","price":"1,59 €","price_unit":"(1,27 € / Litro)","categories":["Supermercado","Bebidas","Agua, Refrescos y Zumos","Refrescos y gaseosa","Refrescos diversos","SUNNY DELIGHT California refresco multifrutas botella 1,25 l"],"general_information":["Denominación del alimento: Bebida refrescante de zumo de frutas, con azúcar y edulcorantes. Con vitaminas.","Nombre del operador: Schweppes, S.A. \"Envasado con licencia de schweppes international limited.\"","Dirección del operador: Pº Castellana 202, 28046 Madrid","Cantidad Neta: 1.25 Litros","Otras menciones obligatorias en la etiqueta: 5% de zumo."],"ingredients":[" Agua, zumos de frutas a partir de concentrados 5% (naranja 3,9%, mandarina 0,5%, pomelo rojo 0,5% y lima 0,1%), azúcar, acidulante: ácido cítrico, estabilizantes: goma arábiga, E-452i, goma xantana y goma de celulosa, aroma natural de naranja con otros aromas naturales, vitaminas: A (añadida como betacaroteno), B6, C, D y E, edulcorantes: ciclamato sódico, sucralosa y acesulfame K."],"conservation":" Mantener en lugar fresco y seco. Proteger de la luz solar y de olores intensos. Una vez abierto conservar en frío.","ean":"8414100302742"},{"full_name":"SUNNY DELIGHT refresco sabor fresa botella 1,25 l","name":"refresco sabor fresa botella 1,25 l","brand":"SUNNY DELIGHT ","img":"https://sgfm.elcorteingles.es/SGFM/00/56/3/0118827100563/0118827100563000g01011.jpg","price":"1,59 €","price_unit":"(1,06 € / Litro)","categories":["Supermercado","Bebidas","Agua, Refrescos y Zumos","Refrescos y gaseosa","Refrescos diversos","SUNNY DELIGHT refresco sabor fresa botella 1,25 l"],"general_information":["Denominación del alimento: Bebida refrescante de zumo de frutas, con azúcar y edulcorantes. Con vitaminas.","Nombre del operador: Schweppes, S.A. \"Envasado con licencia de schweppes international limited.\"","Dirección del operador: Pº Castellana 202, 28046 Madrid","Cantidad Neta: 1.25 Litros","Otras menciones obligatorias en la etiqueta: 5% de zumo."],"ingredients":[" Agua, zumos de frutas a partir de concentrados 5% (naranja 4,5% y fresa 0,5%), azúcar, acidulante: ácido cítrico, estabilizantes: goma arábiga, E-452i, goma xantana y goma de celulosa, concentrados de zanahoria y grosella negra, vitaminas: A (añadida como betacaroteno), B6, C, D y E,  edulcorantes: ciclamato sódico, sucralosa y acesulfame K, aromas naturales."],"conservation":" Mantener en lugar fresco y seco. Proteger de la luz solar y de olores intensos. Una vez abierto conservar en frío.","ean":"8414100302841"},{"full_name":"SUNNY DELIGHT refresco sabor fresa botella 310 ml","name":"refresco sabor fresa botella 310 ml","brand":"SUNNY DELIGHT ","img":"https://sgfm.elcorteingles.es/SGFM/dctm/MEDIA02/CONTENIDOS/201409/29/00118827100522____1__600x600.jpg","price":"0,72 €","price_unit":"(2,32 € / Litro)","categories":["Supermercado","Bebidas","Agua, Refrescos y Zumos","Refrescos y gaseosa","Refrescos diversos","SUNNY DELIGHT refresco sabor fresa botella 310 ml"],"general_information":["Denominación del alimento: Bebida refrescante de zumo de frutas, con azúcar y edulcorantes. Con vitaminas.","Nombre del operador: Schweppes, S.A. \"Envasado con licencia de schweppes international limited.\"","Dirección del operador: Pº Castellana 202, 28046 Madrid","Cantidad Neta: 31 Centilitros","Otras menciones obligatorias en la etiqueta: 5% de zumo."],"ingredients":[" Agua, zumos de frutas a partir de concentrados 5% (naranja 4,5% y fresa 0,5%), azúcar, acidulante: ácido cítrico, estabilizantes: goma arábiga, E-452i, goma xantana y goma de celulosa, concentrados de zanahoria y grosella negra, vitaminas: A (añadida como betacaroteno), B6, C, D y E,  edulcorantes: ciclamato sódico, sucralosa y acesulfame K, aromas naturales."],"conservation":" Mantener en lugar fresco y seco. Proteger de la luz solar y de olores intensos. Una vez abierto conservar en frío.","ean":"8414100225157"},{"full_name":"SUNNY DELIGHT Florida refresco multifrutas botella 310 ml","name":"Florida refresco multifrutas botella 310 ml","brand":"SUNNY DELIGHT ","img":"https://sgfm.elcorteingles.es/SGFM/00/53/0/0118827100530/0118827100530000g01011.jpg","price":"0,69 €","price_unit":"(2,23 € / Litro)","categories":["Supermercado","Bebidas","Agua, Refrescos y Zumos","Refrescos y gaseosa","Refrescos diversos","SUNNY DELIGHT Florida refresco multifrutas botella 310 ml"],"general_information":["Denominación del alimento: Bebida refrescante de zumo de frutas, con azúcar y edulcorantes. Con vitaminas.","Nombre del operador: Schweppes, S.A. \"Envasado con licencia de schweppes international limited.\"","Dirección del operador: Pº Castellana 202, 28046 Madrid","Cantidad Neta: 31 Centilitros","Otras menciones obligatorias en la etiqueta: 5% de zumo."],"ingredients":[" Agua, zumos de frutas a partir de concentrados 5% (naranja 4,4%, pomelo rojo 0,5% y lima 0,1%), azúcar, acidulante: ácido cítrico, estabilizantes: goma arábiga, E-452i, goma xantana y goma de celulosa, aroma natural de naranja con otros aromas naturales, vitaminas: A (añadida como betacaroteno), B6, C, D y E, edulcorantes: sucralosa y ciclamato sódico."],"conservation":" Mantener en lugar fresco y seco. Proteger de la luz solar y de olores intensos. Una vez abierto conservar en frío.","ean":"8414100224556"},{"full_name":"SUNNY DELIGHT Blue refresco sabor a frutas del bosque botella 1,25 l","name":"Blue refresco sabor a frutas del bosque botella 1,25 l","brand":"SUNNY DELIGHT ","img":"https://sgfm.elcorteingles.es/SGFM/dctm/MEDIA03/201705/25/00118827100720____1__600x600.jpg","price":"1,63 €","price_unit":"(1,30 € / Litro)","categories":["Supermercado","Bebidas","Agua, Refrescos y Zumos","Refrescos y gaseosa","Refrescos diversos","SUNNY DELIGHT Blue refresco sabor a frutas del bosque botella 1,25 l"],"general_information":[],"ingredients":[],"ean":"8414100354543"},{"full_name":"SUNNY DELIGHT Blue refresco sabor frutas del bosque botella 310 ml","name":"Blue refresco sabor frutas del bosque botella 310 ml","brand":"SUNNY DELIGHT ","img":"https://sgfm.elcorteingles.es/SGFM/dctm/MEDIA03/201606/15/00118827100712____1__600x600.jpg","price":"0,69 €","price_unit":"(2,23 € / Litro)","categories":["Supermercado","Bebidas","Agua, Refrescos y Zumos","Refrescos y gaseosa","Refrescos diversos","SUNNY DELIGHT Blue refresco sabor frutas del bosque botella 310 ml"],"general_information":["Denominación del alimento: Bebida refrescante de zumo de frutas, con azúcar y edulcorantes. Con vitaminas.","Nombre del operador: Schweppes, S.A. \"Envasado con licencia de schweppes international limited.\"","Dirección del operador: Pº Castellana 202, 28046 Madrid","Cantidad Neta: 1.25 Litros","Otras menciones obligatorias en la etiqueta: 5% de zumo"],"ingredients":[" Agua, zumos de frutas a partir de concentrados 5% (naranja 3,78%, mandarina 0,48%, pomelo rojo 0,48%, arándano 0,2% y lima 0,1%), azúcar, reguladores de la acidez: ácido cítrico, ácido málico y citrato sódico, estabilizantes: E-452i, goma xantana y goma de celulosa, aromas naturales, vitaminas: B6, C, D y E, edulcorantes: ciclamato sódico y sucralosa, colorante: azul brillante."],"conservation":" Mantener en lugar fresco y seco. Proteger de la luz solar y de olores intensos. Una vez abierto conservar en frío.","ean":"8414100334446"},{"full_name":"CLIPPER fresa botella 2 l","name":"fresa botella 2 l","brand":"CLIPPER ","img":"https://sgfm.elcorteingles.es/SGFM/01/08/1/0118616401081/0118616401081000g01011.jpg","price":"1,26 €","price_unit":"(0,63 € / Litro)","categories":["Supermercado","Bebidas","Agua, Refrescos y Zumos","Refrescos y gaseosa","Refrescos diversos","CLIPPER fresa botella 2 l"],"general_information":["Denominación del alimento: Bebida refrescante aromatizada","País de origen: España","Nombre del operador: Embotelladora de Canarias S.A.","Dirección del operador: Avda. Escaleritas, 116 - 35011 Las Palmas de G.C. (Las Palmas) Pol. Ind. De Guimar, Manzana 13, parcela 8 y 9 - 38500 Guimar (Santa Cruz de Tenerife)","Cantidad Neta: 2 Litros"],"ingredients":[" Agua carbonatada, azúcar, acidulante: E-330, aromas,estabilizadores:E-445,E-414, conservador: E-211, colorantes:E-163,E-120"],"conservation":" Proteger de la luz solar y de olores agresivos. No congelar. Conservar en lugar limpio, seco y fresco. Evitar el contacto directo don el suelo.","ean":"8410600004025"},{"full_name":"CHAMPIN refresco multifrutas botella 75 cl","name":"refresco multifrutas botella 75 cl","brand":"CHAMPIN ","img":"https://sgfm.elcorteingles.es/SGFM/00/03/4/0118616400034/0118616400034000g01011.jpg","price":"2,29 €","price_unit":"(3,05 € / Litro)","categories":["Supermercado","Bebidas","Agua, Refrescos y Zumos","Refrescos y gaseosa","Refrescos diversos","CHAMPIN refresco multifrutas botella 75 cl"],"general_information":["Denominación del alimento: Champin. Bebida Refrescante de zumo de frutas aromatizada. Con azúcares.","País de origen: España","Nombre del operador: Industrias Espadafor S.A.","Dirección del operador: Avda. de Andalucía s/n - 18015- Granada","Cantidad Neta: 75 Centilitros","Otras menciones obligatorias en la etiqueta: Con azúcares.Sin gluten. Lote y consumir preferentemente antes del...: Ver parte superior de la botella"],"ingredients":[" Agua carbonatada, azúcares, zumo de manzana a partir de concentrado 9%, acidulante: ácido cítrico, aromas, conservantes: E-211 y E-202, colorantes naturales: E-163 y E-160"],"conservation":" Una vez abierto conservar en el frigorífico. Conservar en lugar fresco y alejado de la luz solar","ean":"8410577130017"},{"full_name":"CHAMPIN Disney Cars refresco multifrutas botella 75 cl","name":"Disney Cars refresco multifrutas botella 75 cl","brand":"CHAMPIN ","img":"https://sgfm.elcorteingles.es/SGFM/dctm/MEDIA03/201711/24/00118616401321____1__600x600.jpg","price":"3,44 €            ","categories":["Supermercado","Bebidas","Agua, Refrescos y Zumos","Refrescos y gaseosa","Refrescos diversos","CHAMPIN Disney Cars refresco multifrutas botella 75 cl"],"general_information":["Denominación del alimento: Bebida refrescante aromatizada con azúcares y edulcorantes. Con zumo","País de origen: España","Nombre del operador: Industrias Espadafor S.A.","Dirección del operador: Avda. de Andalucía s/n - 18015- Granada","Cantidad Neta: 75 Centilitros","Otras menciones obligatorias en la etiqueta: Sin gluten. Una vez abierto conservar en frigorífico. Lote y consumir preferentemente antes de fin de...: ver parte superior de la botella"],"ingredients":[" Agua carbonatada, azúcares, acidulante: ácido cítrico, zumo de manzana (a partir de concentrado 1,4%), aroma, conservantes: E-202, antioxidante: E-300, edulcorante:E-955, extracto de cártamo"],"conservation":" Conservar en lugar fresco y fuera del alcance de la luz solar","ean":"8432286006247"},{"full_name":"CHAMPIN Disney Frozen refresco multifrutas botella 75 cl","name":"Disney Frozen refresco multifrutas botella 75 cl","brand":"CHAMPIN ","img":"https://sgfm.elcorteingles.es/SGFM/dctm/MEDIA03/201611/29/00118616401180____2__600x600.jpg","price":"3,48 €            ","price_unit":"(3,99 € / Litro)","categories":["Supermercado","Bebidas","Agua, Refrescos y Zumos","Refrescos y gaseosa","Refrescos diversos","CHAMPIN Disney Frozen refresco multifrutas botella 75 cl"],"general_information":["Denominación del alimento: Bebida refrescante aromatizada con azúcares y edulcorantes con zumo","Nombre del operador: Industrias Espadafor S.A.","Dirección del operador: Avda. de Andalucía s/n - 18015- Granada","Cantidad Neta: 75 Centilitros","Otras menciones obligatorias en la etiqueta: Sin gluten. Una vez abierto conservar en frigorífico. Lote y consumir preferentemente antes de fin de...: ver parte superior de la botella"],"ingredients":[" Agua carbonatada, azúcares, acidulante: ácido cítrico, zumo de manzana a partir de concentrado(1,4%), aromas, conservantes : E-202, edulcorante: E-955, colorante : E-141"],"conservation":" Conservar en sitio fresco y fuera del alcance de la luz solar","ean":"8432286004823"},{"full_name":"CHAMPIN Disney Mickey Mouse & Friends refresco multifrutas sabor piruleta botella 75 cl","name":"Disney Mickey Mouse & Friends refresco multifrutas sabor piruleta botella 75 cl","brand":"CHAMPIN ","img":"https://sgfm.elcorteingles.es/SGFM/dctm/MEDIA03/201611/29/00118616401156____2__600x600.jpg","price":"3,67 €            ","price_unit":"(3,99 € / Litro)","categories":["Supermercado","Bebidas","Agua, Refrescos y Zumos","Refrescos y gaseosa","Refrescos diversos","CHAMPIN Disney Mickey Mouse & Friends refresco multifrutas sabor piruleta botella 75 cl"],"general_information":["Denominación del alimento: Bebida refrescante aromatizada con azúcares y edulcorantes con zumo","Nombre del operador: Industrias Espadafor S.A.","Dirección del operador: Avda. de Andalucía s/n - 18015- Granada","Cantidad Neta: 75 Centilitros","Otras menciones obligatorias en la etiqueta: Sin gluten. Una vez abierto conservar en frigorífico. Lote y consumir preferentemente antes de fin de...: ver parte superior de la botella"],"ingredients":[" Agua carbonatada, azúcares, zumo de manzana a partir de concentrado (1,4%), aromas, acidulante: ácido cítrico, colorante E-163, conservantes : E-202 , edulcorante : E-955."],"conservation":" Conservar en sitio fresco y fuera del alcance de la luz solar","ean":"8432286004793"},{"full_name":"CHAMPIN Disney Princesas sabor a fresa botella 75 cl","name":"Disney Princesas sabor a fresa botella 75 cl","brand":"CHAMPIN ","img":"https://sgfm.elcorteingles.es/SGFM/dctm/MEDIA03/201611/29/00118616401164____2__600x600.jpg","price":"3,67 €            ","price_unit":"(3,99 € / Litro)","categories":["Supermercado","Bebidas","Agua, Refrescos y Zumos","Refrescos y gaseosa","Refrescos diversos","CHAMPIN Disney Princesas sabor a fresa botella 75 cl"],"general_information":["Denominación del alimento: Bebida refrescante aromatizada con azúcares y edulcorantes con zumo","Nombre del operador: Industrias Espadafor S.A.","Dirección del operador: Avda. de Andalucía s/n - 18015- Granada","Cantidad Neta: 75 Centilitros","Otras menciones obligatorias en la etiqueta: Sin gluten. Una vez abierto conservar en frigorífico. Lote y consumir preferentemente antes de fin de...: ver parte superior de la botella"],"ingredients":[" Agua carbonatada, azúcares, acidulante: ácido cítrico, zumo de manzana a partir de concentrado(1,4%),  conservantes : E-202, aroma, edulcorante: E-955, colorante : E-163."],"conservation":" Conservar en sitio fresco y fuera del alcance de la luz solar","ean":"8432286004816"},{"full_name":"GEISER Super Mojito refresco sin alcohol con sifón botella 1,5 l","name":"Super Mojito refresco sin alcohol con sifón botella 1,5 l","brand":"GEISER ","img":"https://sgfm.elcorteingles.es/SGFM/01/16/8/0118728901168/0118728901168000g01011.jpg","price":"3,35 €","price_unit":"(0 € / Litro)","categories":["Supermercado","Bebidas","Agua, Refrescos y Zumos","Refrescos y gaseosa","Refrescos diversos","GEISER Super Mojito refresco sin alcohol con sifón botella 1,5 l"],"general_information":["Denominación del alimento: BEBIDA REFRESCANTE DE ZUMO (6%)","País de origen: España","Nombre del operador: Sanmy S.A.","Dirección del operador: Carretera de Castellar del Vallés nº 586 - 08227 Terrassa (Barcelona)","Cantidad Neta: 1.5 Litros"],"ingredients":[" Agua carbonatada, azúcar, zumo de limón a partir de concentrado (6%), aromas de hierbabuena y lima, acidulante: ácido cítrico (E-330), antioxidante: ácido ascórbico (vitamina C)( E-300), conservador: benzoato sódico (E-211), estabilizadores: goma arábiga (E-414), E-445, extractos naturales."],"conservation":" Conservar en lugar fresco, protegido de la luz solar y en ausencia de olores agresivos","ean":"8410470181055"},{"full_name":"TRINA refresco de frutastropicales sin burbujas botella 1,5 l","name":"refresco de frutastropicales sin burbujas botella 1,5 l","brand":"TRINA ","img":"https://sgfm.elcorteingles.es/SGFM/dctm/MEDIA03/201606/13/00118633800570____2__600x600.jpg","price":"1,39 €","price_unit":"(0 € / Litro)","categories":["Supermercado","Bebidas","Agua, Refrescos y Zumos","Refrescos y gaseosa","Refrescos diversos","TRINA refresco de frutastropicales sin burbujas botella 1,5 l"],"general_information":["Denominación del alimento: Bebida refrescante de zumo de frutas.","Nombre del operador: Schweppes, S.A. \"Envasado con licencia de schweppes international limited.\"","Dirección del operador: Pº Castellana 202, 28046 Madrid","Cantidad Neta: 1.5 Litros","Otras menciones obligatorias en la etiqueta: 12% de zumo."],"ingredients":[" Agua, zumos a partir de concentrados (12%): naranja (6,4%), manzana (5,5%), maracuyá (0,1%), mango (0,07%), azúcar, acidulante: ácido cítrico, antioxidante: ácido ascórbico, estabilizante: goma acacia, aromas, colorante: extracto de pimentón."],"conservation":" Mantener en lugar fresco y seco. Proteger de la luz solar y de olores intensos. Una vez abierto conservar en frío.","ean":"8411800376950"},{"full_name":"CASTILLO DE SALOBREÑA refresco sin gas de manzana y uva tinta botella 1 l","name":"refresco sin gas de manzana y uva tinta botella 1 l","brand":"CASTILLO DE SALOBREÑA ","img":"https://sgfm.elcorteingles.es/SGFM/00/07/9/0118650500079/0118650500079000g01011.jpg","price":"1,05 €","price_unit":"(1,05 € / Litro)","categories":["Supermercado","Bebidas","Agua, Refrescos y Zumos","Refrescos y gaseosa","Refrescos diversos","CASTILLO DE SALOBREÑA refresco sin gas de manzana y uva tinta botella 1 l"],"general_information":["Denominación del alimento: Castillo de Salobreña tinto. Bebida refrescante aromatizada. Con azúcares y edulcorantes.","País de origen: España","Nombre del operador: Industrias Espadafor S.A.","Dirección del operador: Avda. de Andalucía s/n - 18015- Granada","Cantidad Neta: 1 Litros","Otras menciones obligatorias en la etiqueta: Con azúcares y edulcorantes. El E-122 pueden tener un efecto negativo sobre la actividad y la atención de los niños. Sin gluten. Lote y consumir preferentemente antes de...: Ver parte superior de la botella"],"ingredients":[" Agua, azúcares, acidulantes: ácido cítrico y E-296, colorantes: E-122 y E-150d, zumo de manzana (a partir de concentrado (1,4%), extracto de uva, conservantes: E-202 y E-211, edulcorantes: E-952 y E-954, aroma de manzana."],"conservation":" Conservar en sitio fresco y fuera del alcance de la luz solar","ean":"8410577119500"},{"full_name":"CASTILLO DE SALOBREÑA refresco sin gas de manzana y uva blanca botella 1 l","name":"refresco sin gas de manzana y uva blanca botella 1 l","brand":"CASTILLO DE SALOBREÑA ","img":"https://sgfm.elcorteingles.es/SGFM/00/06/1/0118650500061/0118650500061000g01011.jpg","price":"1,05 €","price_unit":"(1,05 € / Litro)","categories":["Supermercado","Bebidas","Agua, Refrescos y Zumos","Refrescos y gaseosa","Refrescos diversos","CASTILLO DE SALOBREÑA refresco sin gas de manzana y uva blanca botella 1 l"],"general_information":["Denominación del alimento: Castillo de Salobreña Blanco.Bebida refrescante aromatizada. Con azúcares y edulcorantes.","País de origen: España","Nombre del operador: Industrias Espadafor S.A.","Dirección del operador: Avda. de Andalucía s/n - 18015- Granada","Cantidad Neta: 1 Litros","Otras menciones obligatorias en la etiqueta: Con azúcares y edulcorantes. Sin gluten.  Lote y consumir preferentemente antes del...: Ver tapón o parte superior de la botella"],"ingredients":[" Agua, azúcares, acidulantes: ácido cítrico y E-296, zumo de manzana (a partir de concentrado 1.4%), extracto de uva, conservantes: E-202 y E-211, edulcorantes: E-952 y E-954, aroma de manzana, colorante: E-150d"],"conservation":" Una vez abierto conservar en frío. Conservar en lugar fresco y al abrigo de la luz solar","ean":"8410577119029"},{"full_name":"TRANQUINI GREEN TEA bebida funcional botella 50 cl","name":"GREEN TEA bebida funcional botella 50 cl","brand":"TRANQUINI ","img":"https://sgfm.elcorteingles.es/SGFM/dctm/MEDIA03/201708/25/00200520100975____1__600x600.jpg","price":"1,59 €","categories":["Supermercado","Bebidas","Agua, Refrescos y Zumos","Refrescos y gaseosa","Refrescos diversos","TRANQUINI GREEN TEA bebida funcional botella 50 cl"],"general_information":["Denominación del alimento: Bebida Refrescante Sin Gas De Extractos Con Fructosa","País de origen: Austria","Nombre del operador: Sanmy S.A.","Dirección del operador: Carretera de Castellar del Vallés nº 586 - 08227 Terrassa (Barcelona)","Cantidad Neta: 500 Mililitros","Otras menciones obligatorias en la etiqueta: Aromas naturales,sin colorantes artificiales,sin conservantes, con azúcares reducidos"],"ingredients":[" Agua, edulcorante: fructosa, extracto de té verde (0,2%), extracto de hierbas 0,1% (melisa, manzanilla,lavanda), acidulante: ácido cítrico, extracto de manzana, aromas naturales."],"conservation":"Modo de empleo: Servir frío","ean":"9120066681874"},{"full_name":"TRANQUINI MIXED BERRIES bebida funcional botella 50 cl","name":"MIXED BERRIES bebida funcional botella 50 cl","brand":"TRANQUINI ","img":"https://sgfm.elcorteingles.es/SGFM/dctm/MEDIA03/201708/25/00200520100983____1__600x600.jpg","price":"1,59 €","categories":["Supermercado","Bebidas","Agua, Refrescos y Zumos","Refrescos y gaseosa","Refrescos diversos","TRANQUINI MIXED BERRIES bebida funcional botella 50 cl"],"general_information":["Denominación del alimento: Bebida Refrescante Sin Gas De Extractos Con Fructosa","País de origen: Austria","Nombre del operador: Sanmy S.A.","Dirección del operador: Carretera de Castellar del Vallés nº 586 - 08227 Terrassa (Barcelona)","Cantidad Neta: 500 Mililitros","Otras menciones obligatorias en la etiqueta: Aromas naturales,sin colorantes artificiales,sin conservantes, con azúcares reducidos"],"ingredients":[" Agua, edulcorante: fructosa, extracto de té verde (0,2%), extracto de hierbas 0,1% (melisa, manzanilla,lavanda), acidulante: ácido cítrico, concentrado de zanahoria, concentrado de arándano, aromas naturales."],"conservation":"Modo de empleo: Servir frío","ean":"9120066681867"},{"full_name":"TRANQUINI bebida relajante con ingredientes naturales lata 25 cl","name":"bebida relajante con ingredientes naturales lata 25 cl","brand":"TRANQUINI ","img":"https://sgfm.elcorteingles.es/SGFM/dctm/MEDIA03/201609/20/00118620101073____1__600x600.jpg","price":"1,21 €","price_unit":"(4,84 € / Litro)","categories":["Supermercado","Bebidas","Agua, Refrescos y Zumos","Refrescos y gaseosa","Refrescos diversos","TRANQUINI bebida relajante con ingredientes naturales lata 25 cl"],"general_information":["Denominación del alimento: BEBIDA REFRESCANTE DE EXTRACTOS CON FRUCTOSA","País de origen: Austria","Nombre del operador: Sanmy S.A.","Dirección del operador: Carretera de Castellar del Vallés nº 586 - 08227 Terrassa (Barcelona)","Cantidad Neta: 250 Mililitros","Otras menciones obligatorias en la etiqueta: Aromas naturales,sin colorantes artificiales,sin conservantes, con azúcares reducidos"],"ingredients":[" Agua carbonatada, edulcorante: fructosa, extracto de té verde (0,2 %), acidulante: ácido cítrico, extracto de hierbas (melisa, manzanilla, lavanda) (0,1 %), concentrado de zanahoria, concentrado de arándano, aromas naturales, vitamina B12"],"conservation":"Modo de empleo: Servir bien frío","ean":"9120066680297"},{"full_name":"SAN PELLEGRINO refresco de pomelo con gas lata 33 cl","name":"refresco de pomelo con gas lata 33 cl","brand":"SAN PELLEGRINO ","img":"https://sgfm.elcorteingles.es/SGFM/dctm/MEDIA03/201702/23/00118631900984____1__600x600.jpg","price":"0,89 €","price_unit":"(2,70 € / Litro)","categories":["Supermercado","Bebidas","Agua, Refrescos y Zumos","Refrescos y gaseosa","Refrescos diversos","SAN PELLEGRINO refresco de pomelo con gas lata 33 cl"],"general_information":[],"ingredients":[],"ean":"8002270576560"},{"full_name":"SUNLOVER Bebida funcional rica en vitaminas y minerales, cero calorías, sin azúcar y lactosa lata 25 cl (Protege, hidrata y regenera la piel)","name":"Bebida funcional rica en vitaminas y minerales, cero calorías, sin azúcar y lactosa lata 25 cl","brand":"SUNLOVER ","img":"https://sgfm.elcorteingles.es/SGFM/dctm/MEDIA02/CONTENIDOS/201505/21/00200520100835____1__600x600.jpg","price":"1,49 €","price_unit":"(5,96 € / Litro)","categories":["Supermercado","Bebidas","Agua, Refrescos y Zumos","Refrescos y gaseosa","Refrescos diversos","SUNLOVER Bebida funcional rica en vitaminas y minerales, cero calorías, sin azúcar y lactosa lata 25 cl (Protege, hidrata y regenera la piel)"],"general_information":["Denominación del alimento: BEBIDA REFRESCANTE CON VITAMINAS Y MINERALES","País de origen: España","Nombre del operador: Sanmy S.A.","Dirección del operador: Carretera de Castellar del Vallés nº 586 - 08227 Terrassa (Barcelona)","Cantidad Neta: 250 Mililitros","Otras menciones obligatorias en la etiqueta: Con vitaminas y minerales."],"ingredients":[" AGUA, ACIDULANTE (ÁCIDO CÍTRICO), EXTRACTO DE ZANAHORIA, AROMA NATURAL (NARANJA, EXTRACTO NATURAL DE KATEMFE), EDULCORANTE NATURAL (GLUCÓSIDOS DE ESTEVIOL), ESTABILIZANTE (GOMA XANTANA), VITAMINAS (C (ÁCIDO ASCÓRBICO), NIACINA (B3), E, ÁCIDO PANTOTÉNICO (B5), B2 (RIBOFLAVINA), B6, A (BETACAROTENO), ÁCIDO FÓLICO (B9), BIOTINA (B8), B12), MINERALES (SULFATO DE ZINC, SULFATO DE COBRE, SELENITO DE SODIO)"],"conservation":" Proteger de la luz solar . Preservar de olores agresivos. Conservar en un lugar limpio, fresco y seco.","ean":"5600206186017"},{"full_name":"PINK COW refresco refremixer botella 20 cl","name":"refresco refremixer botella 20 cl","brand":"PINK COW ","img":"https://sgfm.elcorteingles.es/SGFM//00/75/2/0118620100752/0118620100752000g01011.jpg","price":"1,32 €            ","price_unit":"(6,25 € / Litro)","categories":["Supermercado","Bebidas","Agua, Refrescos y Zumos","Refrescos y gaseosa","Refrescos diversos","PINK COW refresco refremixer botella 20 cl"],"general_information":[],"ingredients":[],"ean":"8437012754010"},{"full_name":"RUBICON refresco de fruta de la pasión con gas lata 33 cl","name":"refresco de fruta de la pasión con gas lata 33 cl","brand":"RUBICON ","img":"https://sgfm.elcorteingles.es/SGFM/dctm/MEDIA03/201608/24/00118633800711____1__600x600.jpg","price":"1,16 €","categories":["Supermercado","Bebidas","Agua, Refrescos y Zumos","Refrescos y gaseosa","Refrescos diversos","RUBICON refresco de fruta de la pasión con gas lata 33 cl"],"general_information":[],"ingredients":[],"ean":"5000382030911"},{"full_name":"RUBICON refresco de guava con gas lata 33 cl","name":"refresco de guava con gas lata 33 cl","brand":"RUBICON ","img":"https://sgfm.elcorteingles.es/SGFM/dctm/MEDIA03/201608/24/00118633800729____1__600x600.jpg","price":"1,16 €","categories":["Supermercado","Bebidas","Agua, Refrescos y Zumos","Refrescos y gaseosa","Refrescos diversos","RUBICON refresco de guava con gas lata 33 cl"],"general_information":[],"ingredients":[],"ean":"5000382030935"},{"full_name":"RUBICON refresco de mango con gas lata 33 cl","name":"refresco de mango con gas lata 33 cl","brand":"RUBICON ","img":"https://sgfm.elcorteingles.es/SGFM/dctm/MEDIA03/201608/24/00118633800737____1__600x600.jpg","price":"1,16 €","price_unit":"(3,52 € / Litro)","categories":["Supermercado","Bebidas","Agua, Refrescos y Zumos","Refrescos y gaseosa","Refrescos diversos","RUBICON refresco de mango con gas lata 33 cl"],"general_information":[],"ingredients":[],"ean":"5000382030898"},{"full_name":"FIORAVANTI refresco de fresa lata 33 cl","name":"refresco de fresa lata 33 cl","brand":"FIORAVANTI ","img":"https://sgfm.elcorteingles.es/SGFM/00/02/6/0118651200026/0118651200026000g01011.jpg","price":"0,47 €","price_unit":"(1,42 € / Litro)","categories":["Supermercado","Bebidas","Agua, Refrescos y Zumos","Refrescos y gaseosa","Refrescos diversos","FIORAVANTI refresco de fresa lata 33 cl"],"general_information":["Denominación del alimento: Bebida refrescante aromatizada","Nombre del operador: Coca-Cola Iberian Partners, S.A.","Dirección del operador: Paseo de la Castellana 259C, Planta 9. 28046 Madrid (España)","Cantidad Neta: 0,33 Litros"],"ingredients":[" Agua carbonatada, azúcar, correctores de acidez E-330 y E-331, aromas, colorantes: antocianinas y mezcla de carotenos y conservador E-202."],"conservation":" Proteger de la luz solar. Preservar de olores agresivos. Conservar en lugar limpio, fresco y seco.","ean":"5449000135834"},{"full_name":"EMINA ZER0,0 refresco de vino rosado tempranillo y verdejo sin alcohol sin calorías botella 75 cl","name":"refresco de vino rosado tempranillo y verdejo sin alcohol sin calorías botella 75 cl","brand":"EMINA ZER0,0 ","img":"https://sgfm.elcorteingles.es/SGFM/dctm/MEDIA02/CONTENIDOS/201410/16/00118620100380____1__600x600.jpg","price":"4,95 €","price_unit":"(6,60 € / Litro)","categories":["Supermercado","Bebidas","Agua, Refrescos y Zumos","Refrescos y gaseosa","Refrescos diversos","EMINA ZER0,0 refresco de vino rosado tempranillo y verdejo sin alcohol sin calorías botella 75 cl"],"general_information":["Denominación del alimento: Bebida elaborada a partir de vino desalcoholizado","Nombre del operador: Bodega Matarromera S.L","Dirección del operador: Ctra. San Bernardo S/N. Valbuena de Duero 47359 Valladolid","Cantidad Neta: 75,0 Centilitros"],"ingredients":[" Contiene sulfitos."],"ean":"8436532090301"},{"full_name":"RADICAL Wild Fruits Seduction refresco multifrutas sin gas botella 50 cl","name":"Wild Fruits Seduction refresco multifrutas sin gas botella 50 cl","brand":"RADICAL ","img":"https://sgfm.elcorteingles.es/SGFM/00/13/3/0118633800133/0118633800133000g01011.jpg","price":"0,73 €","price_unit":"(1,46 € / Litro)","categories":["Supermercado","Bebidas","Agua, Refrescos y Zumos","Refrescos y gaseosa","Refrescos diversos","RADICAL Wild Fruits Seduction refresco multifrutas sin gas botella 50 cl"],"general_information":[],"ingredients":[],"ean":"8410408010532"},{"full_name":"ALIADA gaseosa botella 1,5 l","name":"gaseosa botella 1,5 l","brand":"ALIADA ","img":"https://sgfm.elcorteingles.es/SGFM/dctm/MEDIA03/201609/09/00118617800323____1__600x600.jpg","price":"0,27 €","price_unit":"(0,18 € / Litro)","categories":["Supermercado","Bebidas","Agua, Refrescos y Zumos","Refrescos y gaseosa","Gaseosa","ALIADA gaseosa botella 1,5 l"],"general_information":["Denominación del alimento: GASEOSA. CON EDULCORANTES.","Nombre del operador: Elaborado para\nEl  Grupo El Corte Inglés\nHermosilla, 112 - 28009 Madrid ? España \npor CIF A-83745695","Número de raciones por envase: aproximadament"],"ingredients":[" Ingredientes: Agua carbonatada, acidulante (E-330), edulcorantes (E-952, E-954, E-951*), aroma natural de limón con otros aromas naturales. *Contiene aspartamo, una fuente de fenilalanina."],"conservation":" Conservar alejado de la luz solar y de olores agresivos. Una vez abierto, mantener en el frigorífico y consumir en el plazo de 3 días.","ean":"8433329063265"},{"full_name":"ALIADA gaseosa botella 50 cl","name":"gaseosa botella 50 cl","brand":"ALIADA ","img":"https://sgfm.elcorteingles.es/SGFM/dctm/MEDIA03/201609/09/00118617800331____1__600x600.jpg","price":"0,20 €","price_unit":"(0,40 € / Litro)","categories":["Supermercado","Bebidas","Agua, Refrescos y Zumos","Refrescos y gaseosa","Gaseosa","ALIADA gaseosa botella 50 cl"],"general_information":["Denominación del alimento: GASEOSA. CON EDULCORANTES.","Nombre del operador: Elaborado para\nEl  Grupo El Corte Inglés\nHermosilla, 112 - 28009 Madrid ? España \npor CIF A-83745695","Número de raciones por envase: 2"],"ingredients":[" Ingredientes: Agua carbonatada, acidulante (E-330), edulcorantes (E-952, E-954, E-951*), aroma natural de limón con otros aromas naturales. \n*Contiene aspartamo, una fuente de fenilalanina."],"conservation":" Conservar alejado de la luz solar y de olores agresivos. Una vez abierto, mantener en el frigorífico y consumir en el plazo de 3 días.","ean":"8433329063272"},{"full_name":"LA CASERA gaseosa cero calorías pack 4 botella 1,5 l","name":"gaseosa cero calorías pack 4 botella 1,5 l","brand":"LA CASERA ","img":"https://sgfm.elcorteingles.es/SGFM/dctm/MEDIA03/201602/11/00118617800042____1__600x600.jpg","price":"2,82 €","price_unit":"(0,47 € / Litro)","categories":["Supermercado","Bebidas","Agua, Refrescos y Zumos","Refrescos y gaseosa","Gaseosa","LA CASERA gaseosa cero calorías pack 4 botella 1,5 l"],"general_information":["Denominación del alimento: Gaseosa. Con edulcorantes.","Nombre del operador: Schweppes, S.A. \"Envasado con licencia de schweppes international limited.\"","Dirección del operador: Pº Castellana 202, 28046 Madrid","Cantidad Neta: 6 Litros"],"ingredients":[" Agua carbonatada, acidulante: ácido cítrico, edulcorantes: E-954 y E-952, aromas."],"conservation":" Mantener en lugar fresco y seco. Proteger de la luz solar y de olores intensos.","ean":"8410283008037"},{"full_name":"LA CASERA gaseosa cero calorías botella 1,5 l","name":"gaseosa cero calorías botella 1,5 l","brand":"LA CASERA ","img":"https://sgfm.elcorteingles.es/SGFM/00/06/7/0118617800067/0118617800067000g01011.jpg","price":"0,82 €","price_unit":"(0,55 € / Litro)","categories":["Supermercado","Bebidas","Agua, Refrescos y Zumos","Refrescos y gaseosa","Gaseosa","LA CASERA gaseosa cero calorías botella 1,5 l"],"general_information":["Denominación del alimento: Gaseosa. Con edulcorantes.","Nombre del operador: Schweppes, S.A. \"Envasado con licencia de schweppes international limited.\"","Dirección del operador: Pº Castellana 202, 28046 Madrid","Cantidad Neta: 1.5 Litros"],"ingredients":[" Agua carbonatada, acidulante: ácido cítrico, edulcorantes: E-954 y E-952, aromas."],"conservation":" Mantener en lugar fresco y seco. Proteger de la luz solar y de olores intensos.","ean":"8410283008006"},{"full_name":"LA CASERA gaseosa cero calorías botella 50 cl","name":"gaseosa cero calorías botella 50 cl","brand":"LA CASERA ","img":"https://sgfm.elcorteingles.es/SGFM/dctm/MEDIA02/CONTENIDOS/201505/05/00118617800091____1__600x600.jpg","price":"0,53 €","price_unit":"(1,06 € / Litro)","categories":["Supermercado","Bebidas","Agua, Refrescos y Zumos","Refrescos y gaseosa","Gaseosa","LA CASERA gaseosa cero calorías botella 50 cl"],"general_information":["Denominación del alimento: Gaseosa. Con edulcorantes.","Nombre del operador: Schweppes, S.A. \"Envasado con licencia de schweppes international limited.\"","Dirección del operador: Pº Castellana 202, 28046 Madrid","Cantidad Neta: 50 Centilitros"],"ingredients":[" Agua carbonatada, acidulante: ácido cítrico, edulcorantes: E-954 y E-952, aromas."],"conservation":" Mantener en lugar fresco y seco. Proteger de la luz solar y de olores intensos.","ean":"8410283001106"},{"full_name":"LA CASERA gaseosa cero azúcares cero calorías lata 33 cl","name":"gaseosa cero azúcares cero calorías lata 33 cl","brand":"LA CASERA ","img":"https://sgfm.elcorteingles.es/SGFM/00/07/5/0118617800075/0118617800075000g01011.jpg","price":"0,37 €","price_unit":"(1,12 € / Litro)","categories":["Supermercado","Bebidas","Agua, Refrescos y Zumos","Refrescos y gaseosa","Gaseosa","LA CASERA gaseosa cero azúcares cero calorías lata 33 cl"],"general_information":["Denominación del alimento: Gaseosa. Con edulcorantes.","Nombre del operador: Schweppes, S.A. \"Envasado con licencia de schweppes international limited.\"","Dirección del operador: Pº Castellana 202, 28046 Madrid","Cantidad Neta: 33 Centilitros"],"ingredients":[" Agua carbonatada, acidulante: ácido cítrico, edulcorantes: E-954 y E-952, aromas."],"conservation":" Mantener en lugar fresco y seco. Proteger de la luz solar y de olores intensos.","ean":"8410283303354"},{"full_name":"LA CASERA gaseosa cero calorías pack 4 botellas 50 cl","name":"gaseosa cero calorías pack 4 botellas 50 cl","brand":"LA CASERA ","img":"https://sgfm.elcorteingles.es/SGFM/dctm/MEDIA03/201605/06/00118617800372____1__600x600.jpg","price":"1,99 €","price_unit":"(1 € / Litro)","categories":["Supermercado","Bebidas","Agua, Refrescos y Zumos","Refrescos y gaseosa","Gaseosa","LA CASERA gaseosa cero calorías pack 4 botellas 50 cl"],"general_information":["Denominación del alimento: Gaseosa. Con edulcorantes.","Nombre del operador: Schweppes, S.A. \"Envasado con licencia de schweppes international limited.\"","Dirección del operador: Pº Castellana 202, 28046 Madrid","Cantidad Neta: 200 Centilitros"],"ingredients":[" Agua carbonatada, acidulante: ácido cítrico, edulcorantes: E-954 y E-952, aromas."],"conservation":" Mantener en lugar fresco y seco. Proteger de la luz solar y de olores intensos.","ean":"8410283332941"},{"full_name":"SCHUSS gaseosa botella 1 l","name":"gaseosa botella 1 l","brand":"SCHUSS ","img":"https://sgfm.elcorteingles.es/SGFM/dctm/MEDIA03/201607/08/00118617800273____1__600x600.jpg","price":"0,45 €","price_unit":"(0,45 € / Litro)","categories":["Supermercado","Bebidas","Agua, Refrescos y Zumos","Refrescos y gaseosa","Gaseosa","SCHUSS gaseosa botella 1 l"],"general_information":["Denominación del alimento: Gaseosa. con edulcorantes","Nombre del operador: Coca-Cola European Partners Iberia, S.L.U.","Dirección del operador: C/Ribera del Loira 20-22, 28042 - Madrid (España).","Cantidad Neta: 1 Litros"],"ingredients":[" Agua carbonatada, correctores de acidez: E-330 y E-331, edulcorantes:E- 952, E-954 y E-950 y aromas naturales de cítricos."],"ean":"5449000160072"},{"full_name":"BITTER KAS refresco amargo sin alcohol pack 6 botella 20 cl","name":"refresco amargo sin alcohol pack 6 botella 20 cl","brand":"BITTER KAS ","img":"https://sgfm.elcorteingles.es/SGFM/dctm/MEDIA02/CONTENIDOS/201509/22/00118615900034____1__600x600.jpg","price":"3,45 €","price_unit":"(17,25 € / Litro)","categories":["Supermercado","Bebidas","Agua, Refrescos y Zumos","Refrescos y gaseosa","Bitter","BITTER KAS refresco amargo sin alcohol pack 6 botella 20 cl"],"general_information":["Denominación del alimento: Bebida refrescante de extractos con azúcares y edulcorante","Nombre del operador: Compañía de Bebidas Pepsico S.L.","Dirección del operador: Avda. de los Olmos, 2, 01013 - Vitoria","Cantidad Neta: 1200 Mililitros"],"ingredients":[" Agua carbonatada, jarabe de glucosa y fructosa, acidulante: E-330, aromas (incluyendo extractos de plantas), colorantes: E-150d, E-122 y E-124, conservador: E-202, edulcorante: E-955. E-122, E-124: pueden tener efectos negativos sobre la actividad y la atención de los niños."],"conservation":" Proteger de la luz solar y de olores agresivos. No congelar. Conservar en lugar limpio, fresco y seco. Evitar el contacto directo con el suelo.","ean":"8410408067369"},{"full_name":"BITTER KAS refresco amargo sin alcohol lata 33 cl","name":"refresco amargo sin alcohol lata 33 cl","brand":"BITTER KAS ","img":"https://sgfm.elcorteingles.es/SGFM/dctm/MEDIA02/CONTENIDOS/201509/22/00118615900026____1__600x600.jpg","price":"0,66 €","price_unit":"(2 € / Litro)","categories":["Supermercado","Bebidas","Agua, Refrescos y Zumos","Refrescos y gaseosa","Bitter","BITTER KAS refresco amargo sin alcohol lata 33 cl"],"general_information":["Denominación del alimento: Bebida refrescante de extractos con azúcares y edulcorante","Nombre del operador: Compañía de Bebidas Pepsico S.L.","Dirección del operador: Avda. de los Olmos, 2, 01013 - Vitoria","Cantidad Neta: 330 Mililitros"],"ingredients":[" Agua carbonatada, jarabe de glucosa y fructosa, acidulante: E-330, aromas (incluyendo extractos de plantas), colorantes: E-150d, E-122 y E-124, conservador: E-202, edulcorante: E-955. E-122, E-124: pueden tener efectos negativos sobre la actividad y la atención de los niños."],"conservation":" Proteger de la luz solar y de olores agresivos. No congelar. Conservar en lugar limpio, fresco y seco. Evitar el contacto directo con el suelo.","ean":"8410408070307"},{"full_name":"MARE ROSSO refresco amargo pack 6 botella 20 cl","name":"refresco amargo pack 6 botella 20 cl","brand":"MARE ROSSO ","img":"https://sgfm.elcorteingles.es/SGFM/dctm/MEDIA03/201607/08/00118615900042____1__600x600.jpg","price":"4,65 €","price_unit":"(23,25 € / Litro)","categories":["Supermercado","Bebidas","Agua, Refrescos y Zumos","Refrescos y gaseosa","Bitter","MARE ROSSO refresco amargo pack 6 botella 20 cl"],"general_information":["Denominación del alimento: Bebida refrescante aromatizada. con edulcorantes.","Nombre del operador: Coca-Cola European Partners Iberia, S.L.U.","Dirección del operador: C/Ribera del Loira 20-22, 28042 - Madrid (España).","Cantidad Neta: 6 Unidad"],"ingredients":[" Agua carbonatada, aromas, extracto de zanahoria negra y grosella negra, acidulante E-330, edulcorantes E-952, E-950 y aspartamo. Contiene una fuente de fenilalanina."],"ean":"5449000101099"},{"full_name":"TANG naranja con vitamina C sobre 30 g","name":"naranja con vitamina C sobre 30 g","brand":"TANG ","img":"https://sgfm.elcorteingles.es/SGFM/dctm/MEDIA02/CONTENIDOS/201409/27/00118644000061____1__600x600.jpg","price":"0,39 €","price_unit":"(13 € / Kilo)","categories":["Supermercado","Bebidas","Agua, Refrescos y Zumos","Refrescos y gaseosa","Sabores frutas en polvo","TANG naranja con vitamina C sobre 30 g"],"general_information":["Denominación del alimento: Producto en polvo para la preparación de una bebida refrescante aromatizada que contiene zumo de naranja deshidratado y aroma de naranja, con azúcar y edulcorantes.","País de origen: España","Nombre del operador: Mondelez España Commercial, S.L.","Dirección del operador: C/Eucalipto, 25  - 28016 Madrid,  España","Cantidad Neta: 30 g"],"ingredients":[" Ingredientes: Azúcar, acidulante (acido citrico), colorantes (E-100, E-171, E-120), sal, corrector de acidez (E-311), edulcorantes (aspartamo, acesulfamo K), espesante (E-466), zumo de naranja deshidratado (0,6%), vitamina C, aroma natural de naranja (contiene SOJA), beta-caroteno, maltodextrina, acetato de vitamina A, ácido fólico, vitamina B2.Contiene una fuente de fenilalanina.."],"conservation":"Modo de empleo: es : Serving size: 200 ml (copo/vaso) No. Servings per pack: 5 PT: Para 30g: Deite o conteúdo da embalagem num recipiente de plástico ou vidro de um litro. Junte água até completar um litro e mexa bem até à completa dissolução do produto. Uma vez preparado, conservar refrigerado.ES: Por 30g: Vierta el contenido del sobre en un recipiente de plástico o vidrio de un litro. Añada agua hasta completar un litro y remueva bien hasta la completa disolución del producto. Una vez preparado, conservar refrigerado.","ean":"7622300118679"},{"full_name":"TANG limón con vitaminas A, B2 y C sobre 30 g","name":"limón con vitaminas A, B2 y C sobre 30 g","brand":"TANG ","img":"https://sgfm.elcorteingles.es/SGFM/dctm/MEDIA03/201702/03/00118644000186____1__600x600.jpg","price":"0,39 €","price_unit":"(13 € / Kilo)","categories":["Supermercado","Bebidas","Agua, Refrescos y Zumos","Refrescos y gaseosa","Sabores frutas en polvo","TANG limón con vitaminas A, B2 y C sobre 30 g"],"general_information":["Denominación del alimento: Producto en polvo para la preparación de una bebida refrescante aromatizada con sabor a limón, con azúcar y edulcorantes.","País de origen: España","Nombre del operador: Mondelez España Commercial, S.L.","Dirección del operador: C/Eucalipto, 25  - 28016 Madrid,  España","Cantidad Neta: 30 g"],"ingredients":[" Ingredientes: Azúcar, acidulante (ácido cítrico), aromas (contiene SOJA), edulcorantes (aspartamo, acesulfamo K), antiaglomerante (E-341), vitamina C, sal, colorante (E-171), acetato de vitamina A, ácido fólico, vitamina B2.Contiene una fuente de fenilalanina.."],"conservation":"Modo de empleo: es : Serving size: 200 ml (vaso/copo).  Por 30g: Vierta el contenido del sobre en un recipiente de plástico o vidrio de un litro. Añada agua hasta completar un litro y remueva bien hasta la completa disolución del producto. Una vez preparado, conservar refrigerado.","ean":"7622300356804"},{"full_name":"LA CASERA tinto de verano botella 1,5 l","name":"tinto de verano botella 1,5 l","brand":"LA CASERA ","img":"https://sgfm.elcorteingles.es/SGFM/dctm/MEDIA02/CONTENIDOS/201407/16/00118628200349____1__600x600.jpg","price":"1,75 €","price_unit":"(0 € / Litro)","categories":["Supermercado","Bebidas","Agua, Refrescos y Zumos","Refrescos y gaseosa","Sangría y tinto de verano","LA CASERA tinto de verano botella 1,5 l"],"general_information":["Denominación del alimento: Mezcla de Gaseosa, Vino Tinto y Mosto. Con edulcorantes.","Nombre del operador: Schweppes, S.A. \"Envasado con licencia de schweppes international limited.\"","Dirección del operador: Pº Castellana 202, 28046 Madrid","Cantidad Neta: 1.5 Litros","Porcentaje de alcohol: 4.3%"],"ingredients":[" Agua carbonatada, vino tinto (contiene sulfitos), mosto de uva procedente de concentrado, acidulante: ácido cítrico, conservador: E-202, edulcorantes: E-954 y E-952, aromas."],"conservation":" Mantener en lugar fresco y seco. Proteger de la luz solar y de olores intensos.","ean":"8410283346405"},{"full_name":"MAR & SOL sangría tinta 13,5% botella 75 cl","name":"sangría tinta 13,5% botella 75 cl","brand":"MAR & SOL ","img":"https://sgfm.elcorteingles.es/SGFM/dctm/MEDIA03/201706/22/00118628201446____1__600x600.jpg","price":"3,99 €","price_unit":"(5,32 € / Litro)","categories":["Supermercado","Bebidas","Agua, Refrescos y Zumos","Refrescos y gaseosa","Sangría y tinto de verano","MAR & SOL sangría tinta 13,5% botella 75 cl"],"general_information":[],"ingredients":[],"ean":"8425327301661"},{"full_name":"MONTEVIDES sangría Premium botella 75 cl","name":"sangría Premium botella 75 cl","brand":"MONTEVIDES ","img":"https://sgfm.elcorteingles.es/SGFM/dctm/MEDIA03/201706/22/00118628201404____1__600x600.jpg","price":"5,30 €","price_unit":"(7,07 € / Litro)","categories":["Supermercado","Bebidas","Agua, Refrescos y Zumos","Refrescos y gaseosa","Sangría y tinto de verano","MONTEVIDES sangría Premium botella 75 cl"],"general_information":[],"ingredients":[],"ean":"8432286005851"},{"full_name":"LA CASERA tinto de verano sin alcohol botella 1,5 l","name":"tinto de verano sin alcohol botella 1,5 l","brand":"LA CASERA ","img":"https://sgfm.elcorteingles.es/SGFM/dctm/MEDIA02/CONTENIDOS/201407/16/00118628201099____1__600x600.jpg","price":"1,75 €","price_unit":"(0 € / Litro)","categories":["Supermercado","Bebidas","Agua, Refrescos y Zumos","Refrescos y gaseosa","Sangría y tinto de verano","LA CASERA tinto de verano sin alcohol botella 1,5 l"],"general_information":["Denominación del alimento: Mezcla de Gaseosa y Mosto. Con edulcorantes.","Nombre del operador: Schweppes, S.A. \"Envasado con licencia de schweppes international limited.\"","Dirección del operador: Pº Castellana 202, 28046 Madrid","Cantidad Neta: 1.5 Litros","Otras menciones obligatorias en la etiqueta: Sin alcohol."],"ingredients":[" Agua carbonatada, mosto de uva procedente de concentrado (contiene sulfitos), acidulante: ácido cítrico, extracto de piel de uva, aromas, edulcorantes: E-952 y E-954, conservador: E-202."],"conservation":" Mantener en lugar fresco y seco. Proteger de la luz solar y de olores intensos.","ean":"8410283311946"},{"full_name":"SOL DE IBIZA sangría ecológica botella 75 cl","name":"sangría ecológica botella 75 cl","brand":"SOL DE IBIZA ","img":"https://sgfm.elcorteingles.es/SGFM/dctm/MEDIA03/201704/06/00118628201412____1__600x600.jpg","price":"6,99 €","price_unit":"(9,32 € / Litro)","categories":["Supermercado","Bebidas","Agua, Refrescos y Zumos","Refrescos y gaseosa","Sangría y tinto de verano","SOL DE IBIZA sangría ecológica botella 75 cl"],"general_information":[],"ingredients":[],"ean":"8437001603831"},{"full_name":"LA CASERA tinto de verano sabor limón botella 1,5 l","name":"tinto de verano sabor limón botella 1,5 l","brand":"LA CASERA ","img":"https://sgfm.elcorteingles.es/SGFM/dctm/MEDIA02/CONTENIDOS/201407/16/00118628200356____1__600x600.jpg","price":"1,75 €","price_unit":"(0 € / Litro)","categories":["Supermercado","Bebidas","Agua, Refrescos y Zumos","Refrescos y gaseosa","Sangría y tinto de verano","LA CASERA tinto de verano sabor limón botella 1,5 l"],"general_information":["Denominación del alimento: Mezcla de Refresco de Limón, Vino Tinto y Mosto. Con edulcorantes.","Nombre del operador: Schweppes, S.A. \"Envasado con licencia de schweppes international limited.\"","Dirección del operador: Pº Castellana 202, 28046 Madrid","Cantidad Neta: 1.5 Litros","Porcentaje de alcohol: 3.9%"],"ingredients":[" Agua carbonatada, vino tinto (contiene sulfitos), mosto de uva y zumo de limón (0,8%) procedentes de concentrados, correctores de acidez: ácido cítrico y citrato sódico, conservador: E-202, edulcorantes: E-952, E-950 y E-954, estabilizantes: E-414, E-445 y E-444, aromas."],"conservation":" Mantener en lugar fresco y seco. Proteger de la luz solar y de olores intensos.","ean":"8410283346504"},{"full_name":"LA CASERA tinto de verano sabor limón sin alcohol botella 1,5 l","name":"tinto de verano sabor limón sin alcohol botella 1,5 l","brand":"LA CASERA ","img":"https://sgfm.elcorteingles.es/SGFM/dctm/MEDIA02/CONTENIDOS/201407/16/00118628201107____1__600x600.jpg","price":"1,75 €","price_unit":"(1,17 € / Litro)","categories":["Supermercado","Bebidas","Agua, Refrescos y Zumos","Refrescos y gaseosa","Sangría y tinto de verano","LA CASERA tinto de verano sabor limón sin alcohol botella 1,5 l"],"general_information":["Denominación del alimento: Mezcla de Refresco de Limón y Mosto. Con edulcorantes.","Nombre del operador: Schweppes, S.A. \"Envasado con licencia de schweppes international limited.\"","Dirección del operador: Pº Castellana 202, 28046 Madrid","Cantidad Neta: 1.5 Litros","Otras menciones obligatorias en la etiqueta: Sin alcohol."],"ingredients":[" Agua carbonatada, mosto de uva (contiene sulfitos) y zumo de limón (0,8%) a partir de concentrados, reguladores de acidez: ácido cítrico y citrato sódico, extracto de piel de uva, aromas, edulcorantes: E-952 y E-954, conservador: E-202, estabilizantes: E-414, E-445 y E-444."],"conservation":" Mantener en lugar fresco y seco. Proteger de la luz solar y de olores intensos.","ean":"8410283312042"},{"full_name":"LA CASERA tinto de verano con limón lata 33 cl","name":"tinto de verano con limón lata 33 cl","brand":"LA CASERA ","img":"https://sgfm.elcorteingles.es/SGFM/00/62/0/0118628200620/0118628200620000g01011.jpg","price":"0,61 €","price_unit":"(1,85 € / Litro)","categories":["Supermercado","Bebidas","Agua, Refrescos y Zumos","Refrescos y gaseosa","Sangría y tinto de verano","LA CASERA tinto de verano con limón lata 33 cl"],"general_information":["Denominación del alimento: Mezcla de Refresco de Limón, Vino Tinto y Mosto. Con edulcorantes.","Nombre del operador: Schweppes, S.A. \"Envasado con licencia de schweppes international limited.\"","Dirección del operador: Pº Castellana 202, 28046 Madrid","Cantidad Neta: 33 Centilitros","Porcentaje de alcohol: 3.9%"],"ingredients":[" Agua carbonatada, vino tinto (contiene sulfitos), mosto de uva y zumo de limón (0,8%) procedentes de concentrados, correctores de acidez: ácido cítrico y citrato sódico, conservador: E-202, edulcorantes: E-952, E-950 y E-954, estabilizantes: E-414, E-445 y E-444, aromas."],"conservation":" Mantener en lugar fresco y seco. Proteger de la luz solar y de olores intensos.","ean":"8410283303750"},{"full_name":"LA CASERA tinto de verano con limón sin alcohol lata 33 cl","name":"tinto de verano con limón sin alcohol lata 33 cl","brand":"LA CASERA ","img":"https://sgfm.elcorteingles.es/SGFM/dctm/MEDIA02/CONTENIDOS/201407/24/00118628201115____1__600x600.jpg","price":"0,61 €","price_unit":"(1,85 € / Litro)","categories":["Supermercado","Bebidas","Agua, Refrescos y Zumos","Refrescos y gaseosa","Sangría y tinto de verano","LA CASERA tinto de verano con limón sin alcohol lata 33 cl"],"general_information":["Denominación del alimento: Mezcla de Refresco de Limón y Mosto. Con edulcorantes.","Nombre del operador: Schweppes, S.A. \"Envasado con licencia de schweppes international limited.\"","Dirección del operador: Pº Castellana 202, 28046 Madrid","Cantidad Neta: 33 Centilitros","Otras menciones obligatorias en la etiqueta: Sin alcohol."],"ingredients":[" Agua carbonatada, mosto de uva (contiene sulfitos) y zumo de limón (0,8%) a partir de concentrados, reguladores de acidez: ácido cítrico y citrato sódico, extracto de piel de uva, aromas, edulcorantes: E-952 y E-954, conservador: E-202, estabilizantes: E-414, E-445 y E-444."],"conservation":" Mantener en lugar fresco y seco. Proteger de la luz solar y de olores intensos.","ean":"8410283312141"},{"full_name":"DON SIMON sangría botella 1,5 l","name":"sangría botella 1,5 l","brand":"DON SIMON ","img":"https://sgfm.elcorteingles.es/SGFM//00/90/1/0118628200901/0118628200901000g01011.jpg","price":"1,43 €","price_unit":"(0 € / Litro)","categories":["Supermercado","Bebidas","Agua, Refrescos y Zumos","Refrescos y gaseosa","Sangría y tinto de verano","DON SIMON sangría botella 1,5 l"],"general_information":["Denominación del alimento: Sangría","País de origen: España","Nombre del operador: J. GARCIA CARRION LM S.A","Dirección del operador: C/GUARNICIONEROS S/N 13250 CIUDAD REAL (ESPAÑA)","Lugar de procedencia del alimento: Producto de España","Cantidad Neta: 1500 Mililitros","Porcentaje de alcohol: 7%"],"ingredients":[" Vino tinto, agua, azúcar, acidulante:ácido cítrico, extractos naturales de fruta y canela, Contiene sulfitos"],"conservation":" Servir muy fría","ean":"8410261151625"},{"full_name":"DON SIMON tinto de verano sabor limón sin alcohol botella 1,5 l","name":"tinto de verano sabor limón sin alcohol botella 1,5 l","brand":"DON SIMON ","img":"https://sgfm.elcorteingles.es/SGFM/dctm/MEDIA02/CONTENIDOS/201407/25/00118628200505____1__600x600.jpg","price":"0,98 €","price_unit":"(0,65 € / Litro)","categories":["Supermercado","Bebidas","Agua, Refrescos y Zumos","Refrescos y gaseosa","Sangría y tinto de verano","DON SIMON tinto de verano sabor limón sin alcohol botella 1,5 l"],"general_information":["Denominación del alimento: Bebida de zumo de uva. Con edulcorantes","País de origen: España","Nombre del operador: JGC S.A","Dirección del operador: C/Jorge Juan, 73 28009 Madrid España","Lugar de procedencia del alimento: Producto de España","Cantidad Neta: 1500 Mililitros"],"ingredients":[" Agua, zumo de uva  a partir de concentrado (15%), azúcar de uva, acidulante: ácido cítrico, edulcorante (E-952 y E-954), colorante: E-163, aromas"],"conservation":" Una vez abierto, conservar en el frigorífico","ean":"8410261152417"},{"full_name":"DON SIMON sangría de vino tinto lata 33 cl","name":"sangría de vino tinto lata 33 cl","brand":"DON SIMON ","img":"https://sgfm.elcorteingles.es/SGFM/dctm/MEDIA03/201607/08/00118628201388____1__600x600.jpg","price":"0,76 €","categories":["Supermercado","Bebidas","Agua, Refrescos y Zumos","Refrescos y gaseosa","Sangría y tinto de verano","DON SIMON sangría de vino tinto lata 33 cl"],"general_information":["Denominación del alimento: Sangría","Nombre del operador: JGC S.A","Dirección del operador: C/Jorge Juan, 73 28009 Madrid España","Cantidad Neta: 330 Mililitros","Porcentaje de alcohol: 7%"],"ingredients":[" Vino tinto, agua, azúcar, acidulante:ácido cítrico, extractos naturales de fruta y canela, Contiene sulfitos"],"conservation":" Servir muy fría","ean":"8410261151717"},{"full_name":"DON SIMON tinto de verano sabor limón botella 1,5 l","name":"tinto de verano sabor limón botella 1,5 l","brand":"DON SIMON ","img":"https://sgfm.elcorteingles.es/SGFM/dctm/MEDIA02/CONTENIDOS/201407/25/00118628200398____1__600x600.jpg","price":"1,10 €","price_unit":"(0,73 € / Litro)","categories":["Supermercado","Bebidas","Agua, Refrescos y Zumos","Refrescos y gaseosa","Sangría y tinto de verano","DON SIMON tinto de verano sabor limón botella 1,5 l"],"general_information":["Denominación del alimento: Bebida de vino y zumo de uva. Con edulcorantes","País de origen: España","Nombre del operador: JGC S.A","Dirección del operador: C/Jorge Juan, 73 28009 Madrid España","Lugar de procedencia del alimento: Producto de España","Cantidad Neta: 1500 Mililitros","Porcentaje de alcohol: 4%"],"ingredients":[" Contiene sulfitos"],"ean":"8410261152011"},{"full_name":"SANDEVID tinto de verano con limón sin alcohol botella 1,5 l","name":"tinto de verano con limón sin alcohol botella 1,5 l","brand":"SANDEVID ","img":"https://sgfm.elcorteingles.es/SGFM/00/43/0/0118628200430/0118628200430000g01011.jpg","price":"1,33 €","price_unit":"(0,89 € / Litro)","categories":["Supermercado","Bebidas","Agua, Refrescos y Zumos","Refrescos y gaseosa","Sangría y tinto de verano","SANDEVID tinto de verano con limón sin alcohol botella 1,5 l"],"general_information":["Denominación del alimento: Bebida de vino con zumo de uva, con azúcar y edulcorantes","Nombre del operador: Productos Derivdos del Vino S.A.","Dirección del operador: Ctra. Parque Nacional de las Tablas S/N - 13250 Daimiel (Ciudad Real)","Cantidad Neta: 1500 Mililitros","Porcentaje de alcohol: 0.9%","Otras menciones obligatorias en la etiqueta: Contiene aspartamo (una fuente de fenilalanina). Contiene sulfitos"],"ingredients":[" Agua Carbonatada, vino, zumo de uva a partir de concentrado (5%), azúcar, acidulante (E-296), aromas naturales y edulcorantes (E-952, E-950). Contiene sulfitos"],"conservation":" Mantener en un lugar fresco y seco. Proteger de la luz solar y de olores intensos","ean":"8428922016411"},{"full_name":"SANDEVID tinto de verano sabor clásico botella 1,5 l","name":"tinto de verano sabor clásico botella 1,5 l","brand":"SANDEVID ","img":"https://sgfm.elcorteingles.es/SGFM/00/18/2/0118628200182/0118628200182000g01011.jpg","price":"1,33 €","price_unit":"(0,89 € / Litro)","categories":["Supermercado","Bebidas","Agua, Refrescos y Zumos","Refrescos y gaseosa","Sangría y tinto de verano","SANDEVID tinto de verano sabor clásico botella 1,5 l"],"general_information":["Denominación del alimento: Tinto de Verano con azúcar y edulcorantes","Nombre del operador: Productos Derivdos del Vino S.A.","Dirección del operador: Ctra. Parque Nacional de las Tablas S/N - 13250 Daimiel (Ciudad Real)","Cantidad Neta: 1500 Mililitros","Porcentaje de alcohol: 4.2%","Otras menciones obligatorias en la etiqueta: Contiene aspartamo (una fuente de fenilalanina). Contiene sulfitos"],"ingredients":[" Agua Carbonatada, vino, azúcar, acidulantes (E-296, E-330), aromas, antioxidante (E-331) y edulcorantes (E-952, E-950). Contiene sulfitos"],"conservation":" Mantener en un lugar fresco y seco. Proteger de la luz solar y de olores intensos","ean":"8428922010211"},{"full_name":"SANDEVID tinto de verano sabor limón botella 1,5 l","name":"tinto de verano sabor limón botella 1,5 l","brand":"SANDEVID ","img":"https://sgfm.elcorteingles.es/SGFM/00/19/0/0118628200190/0118628200190000g01011.jpg","price":"1,33 €","price_unit":"(0,89 € / Litro)","categories":["Supermercado","Bebidas","Agua, Refrescos y Zumos","Refrescos y gaseosa","Sangría y tinto de verano","SANDEVID tinto de verano sabor limón botella 1,5 l"],"general_information":["Denominación del alimento: Tinto de Verano Limón. Bebida de vino con zumo de limón, con azúcar y edulcorantes","Nombre del operador: Productos Derivdos del Vino S.A.","Dirección del operador: Ctra. Parque Nacional de las Tablas S/N - 13250 Daimiel (Ciudad Real)","Cantidad Neta: 1500 Mililitros","Porcentaje de alcohol: 4.2%","Otras menciones obligatorias en la etiqueta: Contiene aspartamo (una fuente de fenilalanina). Contiene sulfitos"],"ingredients":[" Agua Carbonatada, vino, azúcar, zumo de limón a partir de concentrado (1.8%), aroma natural, acidulantes (E-296, E-330), antioxidante (E-331) y edulcorantes (E-952, E-950). Contiene sulfitos"],"conservation":" Mantener en un lugar fresco y seco. Proteger de la luz solar y de olores intensos","ean":"8428922010228"},{"full_name":"EL VERMUDEZ DE LA CASERA vermú y gaseosa con un toque de naranja botella 18 cl","name":"vermú y gaseosa con un toque de naranja botella 18 cl","brand":"EL VERMUDEZ DE LA CASERA ","img":"https://sgfm.elcorteingles.es/SGFM/dctm/MEDIA03/201607/13/00118628201339____2__600x600.jpg","price":"0,90 €","price_unit":"(5 € / Litro)","categories":["Supermercado","Bebidas","Agua, Refrescos y Zumos","Refrescos y gaseosa","Sangría y tinto de verano","EL VERMUDEZ DE LA CASERA vermú y gaseosa con un toque de naranja botella 18 cl"],"general_information":["Denominación del alimento: Mezcla de producto vitivinícola con vermú y gaseosa. Con azúcar y edulcorante.","Nombre del operador: Schweppes, S.A. \"Envasado con licencia de schweppes international limited.\"","Dirección del operador: Pº Castellana 202, 28046 Madrid","Cantidad Neta: 18 Centilitros","Porcentaje de alcohol: 4.9%"],"ingredients":[" Gaseosa (67%) (agua carbonatada, azúcar, aromas, conservador: E-202, edulcorante: E-954), vino blanco (contiene sulfitos), vermú (9,8%) (contiene sulfitos), azúcar caramelizado, colorante: antocianinas (E-163), aroma natural cítrico (0,12%), aroma quinina."],"conservation":" Mantener en lugar fresco y seco. Proteger de la luz solar y de olores intensos.","ean":"8410283333542"},{"full_name":"NIMU sangría tinta botella 75 cl","name":"sangría tinta botella 75 cl","brand":"NIMU ","img":"https://sgfm.elcorteingles.es/SGFM/dctm/MEDIA03/201606/15/00200528201056____2__600x600.jpg","price":"3,95 €","categories":["Supermercado","Bebidas","Agua, Refrescos y Zumos","Refrescos y gaseosa","Sangría y tinto de verano","NIMU sangría tinta botella 75 cl"],"general_information":["Denominación del alimento: Sangria Tinta","Nombre del operador: Trinvest 2007, S.L.","Dirección del operador: Ronda Universitat,19. 1º, 08007 Barcelona.","Cantidad Neta: 750 Mililitros","Porcentaje de alcohol: 5%"],"ingredients":[" Vino tinto, agua, azúcar, mosto de uvas tintas, acidulante (ácido cítrico), aromas naturales de cítricos y canela. Contiene sulfitos"],"conservation":" Temperatura de consumo entre 5°C y 8°C","ean":"8437015417028"},{"full_name":"NIMU tinto de verano Premium botella 75 cl","name":"tinto de verano Premium botella 75 cl","brand":"NIMU ","img":"https://sgfm.elcorteingles.es/SGFM/dctm/MEDIA03/201606/15/00118628201255____2__600x600.jpg","price":"3,95 €","price_unit":"(5,27 € / Litro)","categories":["Supermercado","Bebidas","Agua, Refrescos y Zumos","Refrescos y gaseosa","Sangría y tinto de verano","NIMU tinto de verano Premium botella 75 cl"],"general_information":["Denominación del alimento: Tinto de Verano","Nombre del operador: Trinvest 2007, S.L.","Dirección del operador: Ronda Universitat,19. 1º, 08007 Barcelona.","Cantidad Neta: 750 Mililitros","Porcentaje de alcohol: 5%"],"ingredients":[" Vino tinto, agua carbonatada, azúcar, acidulante (ácido cítrico), zumo concentrado de limón, conservante: E-202. Contiene sulfitos"],"conservation":" Temperatura de consumo entre 5°C y 8°C","ean":"8437015417011"},{"full_name":"NIMU tinto de verano Premium botella 27,50 cl","name":"tinto de verano Premium botella 27,50 cl","brand":"NIMU ","img":"https://sgfm.elcorteingles.es/SGFM/dctm/MEDIA03/201709/21/00118628201487____1__600x600.jpg","price":"1,95 €","categories":["Supermercado","Bebidas","Agua, Refrescos y Zumos","Refrescos y gaseosa","Sangría y tinto de verano","NIMU tinto de verano Premium botella 27,50 cl"],"general_information":[],"ingredients":[],"ean":"8437015417080"},{"full_name":"PEÑASOL sangría sabor original botella 1,5 l","name":"sangría sabor original botella 1,5 l","brand":"PEÑASOL ","img":"https://sgfm.elcorteingles.es/SGFM/dctm/MEDIA02/CONTENIDOS/201507/15/00118628201230____2__600x600.jpg","price":"1,32 €","price_unit":"(0 € / Litro)","categories":["Supermercado","Bebidas","Agua, Refrescos y Zumos","Refrescos y gaseosa","Sangría y tinto de verano","PEÑASOL sangría sabor original botella 1,5 l"],"general_information":["Denominación del alimento: Sangría","Nombre del operador: FELIX SOLIS, S.L.","Dirección del operador: Autovía del Sur, Km. 199, 13300 VALDEPEÑAS Ciudad Real","Cantidad Neta: 1.5 Litros","Porcentaje de alcohol: 7%"],"ingredients":[" Vino tinto, agua, azúcar, acidulante (ácido cítrico), extracto naturales de frutas y canela, sulfitos"],"conservation":"Modo de empleo: Servir fría","ean":"8410702038966"},{"full_name":"PEÑASOL sangría original envase 1 l","name":"sangría original envase 1 l","brand":"PEÑASOL ","img":"https://sgfm.elcorteingles.es/SGFM/dctm/MEDIA02/CONTENIDOS/201507/30/00118628201248____3__600x600.jpg","price":"0,93 €","price_unit":"(0,93 € / Litro)","categories":["Supermercado","Bebidas","Agua, Refrescos y Zumos","Refrescos y gaseosa","Sangría y tinto de verano","PEÑASOL sangría original envase 1 l"],"general_information":["Denominación del alimento: Sangría","Nombre del operador: FELIX SOLIS, S.L.","Dirección del operador: Autovía del Sur, Km. 199, 13300 VALDEPEÑAS Ciudad Real","Cantidad Neta: 1 Litros","Porcentaje de alcohol: 7%"],"ingredients":[" Vino tinto, agua, azúcar, acidulante (ácido cítrico), extracto naturales de frutas y canela, sulfitos"],"conservation":"Modo de empleo: Servir fría","ean":"8410702005012"},{"full_name":"MAR & SOL sangría tinta 9% botella 75 cl","name":"sangría tinta 9% botella 75 cl","brand":"MAR & SOL ","img":"https://sgfm.elcorteingles.es/SGFM/dctm/MEDIA03/201607/13/00118628201354____2__600x600.jpg","price":"3,59 €","price_unit":"(4,79 € / Litro)","categories":["Supermercado","Bebidas","Agua, Refrescos y Zumos","Refrescos y gaseosa","Sangría y tinto de verano","MAR & SOL sangría tinta 9% botella 75 cl"],"general_information":[],"ingredients":[],"ean":"8425327301647"},{"full_name":"LA FRESQUITA sangría con vino tinto botella 75 cl","name":"sangría con vino tinto botella 75 cl","brand":"LA FRESQUITA ","img":"https://sgfm.elcorteingles.es/SGFM/dctm/MEDIA03/201607/13/00118628201362____2__600x600.jpg","price":"8,75 €","price_unit":"(11,67 € / Litro)","categories":["Supermercado","Bebidas","Agua, Refrescos y Zumos","Refrescos y gaseosa","Sangría y tinto de verano","LA FRESQUITA sangría con vino tinto botella 75 cl"],"general_information":[],"ingredients":[],"ean":"8425327301678"},{"full_name":"SANGRIA Sagrada Familia Barcelona botella 75 cl","name":"Sagrada Familia Barcelona botella 75 cl","brand":"SANGRIA ","img":"https://sgfm.elcorteingles.es/SGFM/dctm/MEDIA02/CONTENIDOS/201509/17/00118628201297____1__600x600.jpg","price":"7,11 €","price_unit":"(9,48 € / Litro)","categories":["Supermercado","Bebidas","Agua, Refrescos y Zumos","Refrescos y gaseosa","Sangría y tinto de verano","SANGRIA Sagrada Familia Barcelona botella 75 cl"],"general_information":[],"ingredients":[],"ean":"8410837009008"},{"full_name":"SANGRIA tipica española botella 37,5 cl","name":"tipica española botella 37,5 cl","brand":"SANGRIA ","img":"https://sgfm.elcorteingles.es/SGFM/dctm/MEDIA02/CONTENIDOS/201509/17/00118628201271____1__600x600.jpg","price":"8,77 €","price_unit":"(23,39 € / Litro)","categories":["Supermercado","Bebidas","Agua, Refrescos y Zumos","Refrescos y gaseosa","Sangría y tinto de verano","SANGRIA tipica española botella 37,5 cl"],"general_information":[],"ingredients":[],"ean":"8410837004409"},{"full_name":"SANGRIA Sevillanas botella 20 cl","name":"Sevillanas botella 20 cl","brand":"SANGRIA ","img":"https://sgfm.elcorteingles.es/SGFM/dctm/MEDIA02/CONTENIDOS/201509/17/00118628201263____1__600x600.jpg","price":"4,94 €","price_unit":"(24,70 € / Litro)","categories":["Supermercado","Bebidas","Agua, Refrescos y Zumos","Refrescos y gaseosa","Sangría y tinto de verano","SANGRIA Sevillanas botella 20 cl"],"general_information":[],"ingredients":[],"ean":"8410837000920"},{"full_name":"SANGRIA mini racimo botella 10 cl","name":"mini racimo botella 10 cl","brand":"SANGRIA ","img":"https://sgfm.elcorteingles.es/SGFM/dctm/MEDIA02/CONTENIDOS/201509/17/00118628201289____1__600x600.jpg","price":"5,78 €","price_unit":"(57,80 € / Litro)","categories":["Supermercado","Bebidas","Agua, Refrescos y Zumos","Refrescos y gaseosa","Sangría y tinto de verano","SANGRIA mini racimo botella 10 cl"],"general_information":[],"ingredients":[],"ean":"8410837001637"},{"full_name":"BORRIQUITO sangría botella 75 cl","name":"sangría botella 75 cl","brand":"BORRIQUITO ","img":"https://sgfm.elcorteingles.es/SGFM/dctm/MEDIA03/201710/20/00118628201461____1__600x600.jpg","price":"4,60 €","categories":["Supermercado","Bebidas","Agua, Refrescos y Zumos","Refrescos y gaseosa","Sangría y tinto de verano","BORRIQUITO sangría botella 75 cl"],"general_information":[],"ingredients":[],"ean":"8410388007720"},{"full_name":"LA SUECA sangría botella 1 l","name":"sangría botella 1 l","brand":"LA SUECA ","img":"https://sgfm.elcorteingles.es/SGFM/dctm/MEDIA03/201708/31/00118628201495____1__600x600.jpg","price":"6,95 €","categories":["Supermercado","Bebidas","Agua, Refrescos y Zumos","Refrescos y gaseosa","Sangría y tinto de verano","LA SUECA sangría botella 1 l"],"general_information":[],"ingredients":[],"ean":"8421915100616"},{"full_name":"BACH Life is Grape sangría tinta con un toque de naranjas mediterraneas botella 75 cl","name":"Life is Grape sangría tinta con un toque de naranjas mediterraneas botella 75 cl","brand":"BACH ","img":"https://sgfm.elcorteingles.es/SGFM/dctm/MEDIA03/201705/23/00118628201438____1__600x600.jpg","price":"5,46 €            ","price_unit":"(7 € / Litro)","categories":["Supermercado","Bebidas","Agua, Refrescos y Zumos","Refrescos y gaseosa","Sangría y tinto de verano","BACH Life is Grape sangría tinta con un toque de naranjas mediterraneas botella 75 cl"],"general_information":[],"ingredients":[],"ean":"8410013018657"},{"full_name":"QUECA sangría tinta 100% natural botella 75 cl","name":"sangría tinta 100% natural botella 75 cl","brand":"QUECA ","img":"https://sgfm.elcorteingles.es/SGFM/dctm/MEDIA03/201706/22/00118628201453____1__600x600.jpg","price":"6,00 €","categories":["Supermercado","Bebidas","Agua, Refrescos y Zumos","Refrescos y gaseosa","Sangría y tinto de verano","QUECA sangría tinta 100% natural botella 75 cl"],"general_information":[],"ingredients":[],"ean":"8410302922788"}]