[{"full_name":"EL CORTE INGLES preparado para hacer flan sabor vainilla con caramelo 8 raciones estuche 130 g","name":"preparado para hacer flan sabor vainilla con caramelo 8 raciones estuche 130 g","brand":"EL CORTE INGLES ","img":"https://sgfm.elcorteingles.es/SGFM/dctm/MEDIA03/201609/23/00120606800272____1__600x600.jpg","price":"0,61 €","price_unit":"(4,69 € / Kilo)","categories":["Supermercado","Desayunos Dulces y pan","Desayunos, dulces y pan","Repostería para preparar","Flanes y natillas","EL CORTE INGLES preparado para hacer flan sabor vainilla con caramelo 8 raciones estuche 130 g"],"general_information":["Denominación del alimento: Preparado en polvo para hacer flan sabor vainilla con caramelo líquido","Nombre del operador: Elaborado para El Corte Inglés por \nPromolac España, S.A.                                     Polígono Industrial Pont Xetmar C/F Nave 6      17844  Cornellà del Terri - Girona - España","Cantidad Neta: 190 g"],"ingredients":[" Ingredientes flan: Azúcar, almidón de maíz, estabilizantes E-407 y E-410, sal, colorante natural betacaroteno y aromas.\n\nIngredientes caramelo líquido: sacarosa y agua."],"conservation":" Conservar en lugar fresco y seco","ean":"8433329067553"},{"full_name":"EL CORTE INGLES Natillas caseras 18 raciones estuche 120 g","name":"Natillas caseras 18 raciones estuche 120 g","brand":"EL CORTE INGLES ","img":"https://sgfm.elcorteingles.es/SGFM/dctm/MEDIA03/201604/26/00120606800264____1__600x600.jpg","price":"0,74 €","price_unit":"(6,17 € / Kilo)","categories":["Supermercado","Desayunos Dulces y pan","Desayunos, dulces y pan","Repostería para preparar","Flanes y natillas","EL CORTE INGLES Natillas caseras 18 raciones estuche 120 g"],"general_information":["Denominación del alimento: Preparado en polvo para hacer natillas caseras","Nombre del operador: Elaborado para El Corte Inglés por \nPromolac España, S.A.                                     Polígono Industrial Pont Xetmar C/F Nave 6      17844  Cornellà del Terri - Girona - España","Cantidad Neta: 125 g"],"ingredients":[" Ingredientes: almidón de maíz, aromas, sal y  colorante natural annato.                               Contiene un sobre de canela molida. Puede contener trazas de gluten, soja, leche y huevo."],"conservation":" Conservar en lugar fresco y seco","ean":"8433329067423"},{"full_name":"ALIADA preparado para hacer flan clásico 6 sobres para hacer 24 raciones estuche 30 g","name":"preparado para hacer flan clásico 6 sobres para hacer 24 raciones estuche 30 g","brand":"ALIADA ","img":"https://sgfm.elcorteingles.es/SGFM/00/15/7/0120606800157/0120606800157000g01011.jpg","price":"0,85 €","price_unit":"(28,33 € / Kilo)","categories":["Supermercado","Desayunos Dulces y pan","Desayunos, dulces y pan","Repostería para preparar","Flanes y natillas","ALIADA preparado para hacer flan clásico 6 sobres para hacer 24 raciones estuche 30 g"],"general_information":["Denominación del alimento: Preparado para flan","Nombre del operador: El Corte Inglés  S.A","Dirección del operador: C/Hermosilla, 112 -28009 Madrid (Madrid)","Cantidad Neta: 30 g","Número de raciones por envase: 6"],"ingredients":[" Almidón de maíz, estabilizantes E407 y E410, sal, colorante natural, beta - caroteno y aroma de vainilla"],"conservation":" Conservar en lugar fresco y seco","ean":"8433329036542"},{"full_name":"ROYAL preparado para natillas caseras 25 raciones estuche 100 g","name":"preparado para natillas caseras 25 raciones estuche 100 g","brand":"ROYAL ","img":"https://sgfm.elcorteingles.es/SGFM/dctm/MEDIA02/CONTENIDOS/201601/11/00120606700555____1__600x600.jpg","price":"0,90 €","price_unit":"(9 € / Kilo)","categories":["Supermercado","Desayunos Dulces y pan","Desayunos, dulces y pan","Repostería para preparar","Flanes y natillas","ROYAL preparado para natillas caseras 25 raciones estuche 100 g"],"general_information":["Denominación del alimento: Preparado en polvo para hacer natillas.","País de origen: España","Nombre del operador: Mondelez España Commercial, S.L.","Dirección del operador: C/Eucalipto, 25  - 28016 Madrid,  España","Cantidad Neta: 100 g"],"ingredients":[" INGREDIENTES: Almidón de maíz, sal, espesante (E-407), colorantes (E-100, E-160b), aromas, estabilizante (E-339). PUEDE CONTENER TRIGO, HUEVO Y LECHE."],"conservation":"Modo de empleo: es : .  En la preparación es necesario añadir 750 ml de leche semidesnatada y 4 a 8 cucharadas de azúcar. Ver instrucciones de preparación detalladas en el envase.","ean":"8410000005332"},{"full_name":"ROYAL flan con chocolate Milka 4 raciones estuche 115 g","name":"flan con chocolate Milka 4 raciones estuche 115 g","brand":"ROYAL ","img":"https://sgfm.elcorteingles.es/SGFM/dctm/MEDIA02/CONTENIDOS/201511/30/00120606800256____1__600x600.jpg","price":"1,03 €","price_unit":"(8,96 € / Kilo)","categories":["Supermercado","Desayunos Dulces y pan","Desayunos, dulces y pan","Repostería para preparar","Flanes y natillas","ROYAL flan con chocolate Milka 4 raciones estuche 115 g"],"general_information":["Denominación del alimento: Preparado en polvo para hacer flan con cacao magro.","País de origen: España","Nombre del operador: Mondelez España Commercial, S.L.","Dirección del operador: C/Eucalipto, 25  - 28016 Madrid,  España","Cantidad Neta: 115 g"],"ingredients":[" Ingredientes: Azúcar, almidón de maíz, cacao magro (8 %), LECHE desnatada en polvo, suero de LECHE en polvo, dextrosa, espesante (E-407), aromas, emulgente (lecitina de SOJA), colorante (E-160b), sal, estabilizante (E-339)."],"conservation":"Modo de empleo: es : ES- Fácil y rápido:1. Vacíe el contenido del sobres de ?Flan Milka? en un recipiente seco. Añada, poco a poco, 500 ml de leche y mezcle bien hasta que se disuelva.2. Cocine a fuego lento hasta que hierva, removiendo continuamente para evitar que se pegue al recipiente.3. Vierta inmediatamente en los moldes y deje enfriar en la nevera hasta que adquiera consistencia. PT- Fácil e rápido:1. Deite o conteúdo da saqueta de ?Flan Milka? numa caçarola. Adicione, pouco a pouco, 500 ml de leite, mexendo até o pó se dissolver completamente.2. Leve a lume brando até levantar fervura, sem deixar de mexer.3. Deite nas formas individuais e deixe arrefecer no frigorífico até ficar consistente.","ean":"7622210414595"},{"full_name":"ROYAL flan para preparar contiene azúcar y caramelo líquido 8 raciones estuche 186 g","name":"flan para preparar contiene azúcar y caramelo líquido 8 raciones estuche 186 g","brand":"ROYAL ","img":"https://sgfm.elcorteingles.es/SGFM/dctm/MEDIA02/CONTENIDOS/201601/11/00120606800041____1__600x600.jpg","price":"1,42 €","price_unit":"(7,63 € / Kilo)","categories":["Supermercado","Desayunos Dulces y pan","Desayunos, dulces y pan","Repostería para preparar","Flanes y natillas","ROYAL flan para preparar contiene azúcar y caramelo líquido 8 raciones estuche 186 g"],"general_information":["Denominación del alimento: Preparado en polvo para hacer flan. Caramelo líquido (30%).","País de origen: España","Nombre del operador: Mondelez España Commercial, S.L.","Dirección del operador: C/Eucalipto, 25  - 28016 Madrid,  España","Cantidad Neta: 186 g"],"ingredients":[" INGREDIENTES: Preparado en polvo para hacer flan: Azúcar, espesante (E-407), colorantes (E-100, E-160b), aromas (contiene LECHE), estabilizante (E-339). Caramelo líquido: Jarabe de glucosa (contiene SULFITOS), azúcar, agua, conservador (E-202).PUEDE CONTENER TRIGO Y HUEVO."],"conservation":"Modo de empleo: es : ES- FÁCIL Y RÁPIDO 1. Vacíe el contenido del sobre (130 g) en un recipiente seco. Añada 1 l de leche y mezcle bien hasta que se disuelva. 2. Cocine a fuego lento hasta que hierva, removiendo continuamente para evitar que se pegue al recipiente. Y también al microondas: Ponga el recipiente con 500 ml de leche y el contenido del sobre en el microondas durante 5 min. a 600W de potencia (media-baja). Saque el recipiente, remueva y añada otros 500 ml de leche. Vuelva a calentar otros 5 min. 3. Vierta inmediatamente en moldes pequeños o en uno grande previamente bañados con Caramelo Líquido Royal. Déjelo enfriar en la nevera hasta que adquiera consistencia (1-3h, según molde). PT- FÁCIL E RÁPIDO 1. Deite o conteúdo da saqueta (130 g) num recipiente seco. Adicione 1 l de leite e misture bem até que se dissolva. 2. Leve a lume brando até levantar fervura, mexendo continuamente para evitar que pegue ao recipiente. E também no microondas: Coloque o recipiente com 500 ml de leite e o conteúdo da saqueta no microondas durante 5 min. a 600W de potência (média-baixa). Retire o recipiente, mexa e adicione mais 500 ml de leite. Volte a aquecer mais 5 min. 3. Deite imediatamente em formas pequenas ou numa forma grande previamente untada com Caramelo Líquido Royal. Deixe arrefecer no frigorífico até que adquira consistência (1-3h, dependendo da forma)..","ean":"8410000005349"},{"full_name":"ROYAL flan para preparar contiene azúcar y caramelo líquido 4 flanes estuche 93 g","name":"flan para preparar contiene azúcar y caramelo líquido 4 flanes estuche 93 g","brand":"ROYAL ","img":"https://sgfm.elcorteingles.es/SGFM/dctm/MEDIA02/CONTENIDOS/201601/11/00120606800066____1__600x600.jpg","price":"1,26 €","price_unit":"(13,55 € / Kilo)","categories":["Supermercado","Desayunos Dulces y pan","Desayunos, dulces y pan","Repostería para preparar","Flanes y natillas","ROYAL flan para preparar contiene azúcar y caramelo líquido 4 flanes estuche 93 g"],"general_information":["Denominación del alimento: Preparado en polvo para hacer flan. Caramelo líquido (30%).","País de origen: España","Nombre del operador: Mondelez España Commercial, S.L.","Dirección del operador: C/Eucalipto, 25  - 28016 Madrid,  España","Cantidad Neta: 93 g"],"ingredients":[" Ingredientes: Preparado en polvo para hacer flan: Azúcar, espesante (E-407), colorantes (E-100, E-160b), aromas, estabilizante (E-339). Caramelo líquido: Jarabe de glucosa, azúcar, agua, conservador (E-202). PUEDE CONTENER TRIGO, HUEVO Y LECHE."],"conservation":"Modo de empleo: es : ES- FÁCIL Y RÁPIDO1. Vacíe el contenido del sobre (65 g) en un recipiente seco. Añada 500 ml de leche semidesnatada y mezcle bien hasta que se disuelva. 2. Cocine a fuego lento hasta que hierva, removiendo continuamente para evitar que se pegue al recipiente.Y también al microondas: Ponga el recipiente con 250 ml de leche semidesnatada y el contenido del sobre en el microondas durante 3 min. a 600W de potencia (media-baja). Saque el recipiente, remueva y añada otros 250 ml de leche. Vuelva a calentar otros 3 min. 3. Vierta inmediatamente en moldes pequeños o en uno grande previamente bañados con Caramelo Líquido Royal. Déjelo enfriar en la nevera hasta que adquiera consistencia (1-3h, según molde). PT- FÁCIL E RÁPIDO1. Deite o conteúdo da saqueta (65 g) num recipiente seco. Adicione 500 ml de leite meio-gordo e misture bem até que se dissolva.2. Leve a lume brando até levantar fervura, mexendo continuamente para evitar que pegue ao recipiente. E também no microondas: Coloque o recipiente com 250 ml de leite meio-gordo e o conteúdo da saqueta no microondas durante 3 min. a 600W de potência (média-baixa). Retire o recipiente, mexa e adicione mais 250 ml de leite. Volte a aquecer mais 3 min.3. Deite imediatamente em formas pequenas ou numa forma grande previamente untada com Caramelo Líquido Royal. Deixe arrefecer no frigorífico até que adquira consistência (1-3h, dependendo da forma).","ean":"0000084100016"},{"full_name":"DR. OETKER flan para preparar de leche Panna Cotta con salsa de frambuesa estuche 110 g","name":"flan para preparar de leche Panna Cotta con salsa de frambuesa estuche 110 g","brand":"DR. OETKER ","img":"https://sgfm.elcorteingles.es/SGFM/01/29/0/0120607101290/0120607101290000g01011.jpg","price":"1,52 €            ","price_unit":"(13,36 € / Kilo)","categories":["Supermercado","Desayunos Dulces y pan","Desayunos, dulces y pan","Repostería para preparar","Flanes y natillas","DR. OETKER flan para preparar de leche Panna Cotta con salsa de frambuesa estuche 110 g"],"general_information":["Denominación del alimento: Preparado alimenticio en polvo para hacer Panna Cotta","Nombre del operador: Dr. Oetker Ibérica S.A.","Dirección del operador: Avda. Diagonal 601, 3ª - 08028","Cantidad Neta: 110 g"],"ingredients":[" mezcla preparada: azúcar, gelatina, almidón, espesante (goma xantana),aroma. salsa de frambuesa: agua, frambuesas (27%), azúcar, jarabe de glucosa, almidón modificado, corrector de acidez (ácido cítrico), gelificante (pectina), conservador (sorbato potásico), zumo de limón concentrado, concentrado de vegetales (zanahoria, cártamo), aroma."],"conservation":" Conservar en lugar fresco y seco","ean":"4047008002564"},{"full_name":"MANDARIN chino clásico preparado para cocinar flan estuche 30 g","name":"chino clásico preparado para cocinar flan estuche 30 g","brand":"MANDARIN ","img":"https://sgfm.elcorteingles.es/SGFM/00/01/7/0120606800017/0120606800017000g01011.jpg","price":"1,14 €            ","price_unit":"(33,33 € / Kilo)","categories":["Supermercado","Desayunos Dulces y pan","Desayunos, dulces y pan","Repostería para preparar","Flanes y natillas","MANDARIN chino clásico preparado para cocinar flan estuche 30 g"],"general_information":["Denominación del alimento: Preparado en polvo para hacer Flan","Nombre del operador: Dr. Oetker Ibérica S.A.","Dirección del operador: Avda. Diagonal 601, 3ª - 08028","Cantidad Neta: 30 g"],"ingredients":[" almidón de maíz, espesante (goma garrofín), gelificante carragenanos), azúcar, colorantes (carotenos, curcumina), sal, estabilizante (fosfatos de sodio), aroma."],"conservation":" Conservar en lugar fresco y seco.","ean":"8413700306853"},{"full_name":"EL NIÑO Flanín preparado para cocinar flan o natillas 6 sobres para 24 flanes estuche 195 g","name":"Flanín preparado para cocinar flan o natillas 6 sobres para 24 flanes estuche 195 g","brand":"EL NIÑO ","img":"https://sgfm.elcorteingles.es/SGFM/dctm/MEDIA02/CONTENIDOS/201407/21/00120606800108____1__600x600.jpg","price":"0,95 €","price_unit":"(4,87 € / Kilo)","categories":["Supermercado","Desayunos Dulces y pan","Desayunos, dulces y pan","Repostería para preparar","Flanes y natillas","EL NIÑO Flanín preparado para cocinar flan o natillas 6 sobres para 24 flanes estuche 195 g"],"general_information":["Denominación del alimento: Preparado para Flan y Natillas","Nombre del operador: Unilever España S.A.","Dirección del operador: C/Tecnología 19, 08840 Viladecans (Barcelona)","Cantidad Neta: 192 g"],"ingredients":[" Almidón de maíz, aroma (vainillina), espesante (carragenano), azúcar, colorantes (riboflavina y annato) y aromas. Puede contener gluten, leche y huevo."],"conservation":" Conservar en lugar fresco y seco. Una vez preparado, conservar en el frigorífico y consumir en un máximo de 48 horas.","ean":"8410127012183"},{"full_name":"MAIZENA Potax preparado para flan o natillas 6 sobres para 24 flanes estuche 195 g","name":"Potax preparado para flan o natillas 6 sobres para 24 flanes estuche 195 g","brand":"MAIZENA ","img":"https://sgfm.elcorteingles.es/SGFM/00/09/0/0120606800090/0120606800090000g01011.jpg","price":"0,94 €","price_unit":"(4,82 € / Kilo)","categories":["Supermercado","Desayunos Dulces y pan","Desayunos, dulces y pan","Repostería para preparar","Flanes y natillas","MAIZENA Potax preparado para flan o natillas 6 sobres para 24 flanes estuche 195 g"],"general_information":["Denominación del alimento: Preparado para Flan y Natillas","País de origen: Francia","Nombre del operador: Unilever","Dirección del operador: 900 812 511 www.maizena.es","Cantidad Neta: 192 g","Número de raciones por envase: 6"],"ingredients":[" Almidón de maíz, aroma (vainillina), espesante (carragenano), azúcar, colorantes (riboflavina y annato) y  aromas. Puede contener gluten, leche y huevo."],"ean":"8410127012626"},{"full_name":"EL CORTE INGLES preparado para hacer Crema Catalana 6 raciones estuche 117 g","name":"preparado para hacer Crema Catalana 6 raciones estuche 117 g","brand":"EL CORTE INGLES ","img":"https://sgfm.elcorteingles.es/SGFM/dctm/MEDIA03/201609/23/00120606700985____1__600x600.jpg","price":"0,89 €","price_unit":"(7,61 € / Kilo)","categories":["Supermercado","Desayunos Dulces y pan","Desayunos, dulces y pan","Repostería para preparar","Preparados diversos","EL CORTE INGLES preparado para hacer Crema Catalana 6 raciones estuche 117 g"],"general_information":["Denominación del alimento: Preparado alimenticio en polvo para la elaboración de crema catalana","Nombre del operador: Elaborado para El Corte Inglés por \nPromolac España, S.A.                                     Polígono Industrial Pont Xetmar C/F Nave 6      17844  Cornellà del Terri - Girona - España","Cantidad Neta: 117 g"],"ingredients":[" Ingredientes: Azúcar, almidón de maíz, sal, estabilizante E-407, aroma y colorante natural annato."],"conservation":" Conservar en lugar fresco y seco","ean":"8433329067546"},{"full_name":"EL CORTE INGLES preparado para hacer cuajada estuche 48 g","name":"preparado para hacer cuajada estuche 48 g","brand":"EL CORTE INGLES ","img":"https://sgfm.elcorteingles.es/SGFM/dctm/MEDIA03/201609/23/00120606700977____1__600x600.jpg","price":"0,98 €","price_unit":"(20,42 € / Kilo)","categories":["Supermercado","Desayunos Dulces y pan","Desayunos, dulces y pan","Repostería para preparar","Preparados diversos","EL CORTE INGLES preparado para hacer cuajada estuche 48 g"],"general_information":["Denominación del alimento: Preparado alimenticio en polvo para la elaboración de cuajada","Nombre del operador: Elaborado para El Corte Inglés por \nPromolac España, S.A.                                     Polígono Industrial Pont Xetmar C/F Nave 6      17844  Cornellà del Terri - Girona - España","Cantidad Neta: 48 g"],"ingredients":[" Ingredientes:  Almidón de maíz, fructosa, estabilizante E-407, aromas y cuajo."],"conservation":" Conservar en lugar fresco y seco","ean":"8433329067539"},{"full_name":"EL CORTE INGLES preparado instantáneo para hacer crepes bote 200 g","name":"preparado instantáneo para hacer crepes bote 200 g","brand":"EL CORTE INGLES ","img":"https://sgfm.elcorteingles.es/SGFM/dctm/MEDIA03/201609/23/00120606900379____1__600x600.jpg","price":"1,57 €","price_unit":"(7,85 € / Kilo)","categories":["Supermercado","Desayunos Dulces y pan","Desayunos, dulces y pan","Repostería para preparar","Preparados diversos","EL CORTE INGLES preparado instantáneo para hacer crepes bote 200 g"],"general_information":["Denominación del alimento: Preparado instantáneo para hacer crepes.","Nombre del operador: Elaborado para El Corte Inglés por \nPromolac España, S.A.                                     Polígono Industrial Pont Xetmar C/F Nave 6      17844  Cornellà del Terri - Girona - España","Cantidad Neta: 200 g","Número de raciones por envase: 10"],"ingredients":[" Ingredientes: harina de trigo, maltodextrina, dextrosa, huevo en polvo, yema de huevo, fructosa, sal y estabilizante (goma xantana). Puede contener trazas de soja y leche."],"conservation":" Conservar en lugar fresco y seco.","ean":"8433329067430"},{"full_name":"ROYAL pastel fresco para preparar sabor limón con caramelo líquido estuche 103 g","name":"pastel fresco para preparar sabor limón con caramelo líquido estuche 103 g","brand":"ROYAL ","img":"https://sgfm.elcorteingles.es/SGFM/dctm/MEDIA03/201607/13/00120606700142____1__600x600.jpg","price":"1,11 €","price_unit":"(10,78 € / Kilo)","categories":["Supermercado","Desayunos Dulces y pan","Desayunos, dulces y pan","Repostería para preparar","Preparados diversos","ROYAL pastel fresco para preparar sabor limón con caramelo líquido estuche 103 g"],"general_information":["Denominación del alimento: Preparado en polvo para hacer un pastel con sabor a limón y con caramelo líquido (27%).","País de origen: España","Nombre del operador: Mondelez España Commercial, S.L.","Dirección del operador: C/Eucalipto, 25  - 28016 Madrid,  España","Cantidad Neta: 103 g"],"ingredients":[" INGREDIENTES: Preparado en polvo para hacer un pastel con sabor a limón: Azúcar, gelatina, jarabe de glucosa, grasa de palmiste totalmente hidrogenada, acidulante (ácido cítrico), aromas, emulgentes (E-471, E-472a), proteínas de LECHE, colorantes (E-161b, E-100), estabilizante (E-340). Caramelo líquido: Jarabe de glucosa, azúcar, agua, conservador (E-202). PUEDE CONTENER TRIGO Y HUEVO."],"conservation":"Modo de empleo: es : ES: FÁCIL Y RÁPIDO1.- Cubra la base del molde deseado con el Caramelo Líquido Royal.2.- Disuelva el contenido de la base del preparado para hacer Pastel Fresco en 500 ml de leche entera a temperatura ambiente. Añada de 3 a 6 cucharadas soperas de azúcar (75 a 150 g) según el dulzor que desee.3.- Mezcle con la batidora eléctrica, a velocidad rápida, durante 2 minutos. Vierta lentamente y con cuidado la mezcla anterior en el molde. Coloque el postre en la nevera de 1 a 2 horas para que cuaje. Antes de servir pase la punta de un cuchillo por el borde del molde antes de desmontarlo y colóquelo sobre una bandeja adecuada adornándola a su gusto. PT: FÁCIL E RÁPIDO1.- Cubra a base da forma desejada com o Caramelo líquido Royal.2.- Dissolva o conteúdo da base do preparado para fazer o semi-frio em 500 ml de leite gordo. Adicione 3 a 6 colheres de sopa de açúcar cheias (75 a 150 g), dependendo da doçura que deseje.3.- Bata a mistura com a varinha mágica, a velocidade rápida, durante 2 minutos. Deite lentamente e com cuidado a mistura anterior na forma. Coloque a sobremesa no frigorífico entre 1 a 2 horas para que solidifique. Antes de servir a sobremesa passe a ponta de uma faca pela borda da forma antes de desenformá-la e coloque-a sobre uma bandeja adequada, decorando-a a seu gosto.","ean":"7622210204288"},{"full_name":"ROYAL cuajada azucarada para preparar 16 raciones estuche 48 g","name":"cuajada azucarada para preparar 16 raciones estuche 48 g","brand":"ROYAL ","img":"https://sgfm.elcorteingles.es/SGFM/dctm/MEDIA02/CONTENIDOS/201601/11/00120606700167____1__600x600.jpg","price":"1,05 €","price_unit":"(21,88 € / Kilo)","categories":["Supermercado","Desayunos Dulces y pan","Desayunos, dulces y pan","Repostería para preparar","Preparados diversos","ROYAL cuajada azucarada para preparar 16 raciones estuche 48 g"],"general_information":["Denominación del alimento: Preparado en polvo para hacer cuajada azucarada aromatizada.","País de origen: España","Nombre del operador: Mondelez España Commercial, S.L.","Dirección del operador: C/Eucalipto, 25  - 28016 Madrid,  España","Cantidad Neta: 48 g"],"ingredients":[" Ingredientes: Almidón, fructosa, espesante (E-407), azúcar, aromas, estabilizante (E-339), cuajo. PUEDE CONTENER LECHE."],"conservation":"Modo de empleo: es : ES Modo de preparación:1.Disuelva el contenido del sobre en un vaso con 250 ml de leche. Caliente otros 250 ml de leche en un cazo y cuando hierva añádale la disolución anterior hasta que vuelva a hervir.2.Retire el cazo unos segundos del fuego sin dejar de remover. Colóquelo de nuevo en el fuego hasta que hierva.3.Viértalo en los recipientes y déjelos reposar 4 horas en el frigorífico. Si no desea que se forme la capa de crema en la superficie, tape las tarrinas con papel de alumínio.  PTModo de preparação:1.Dissolva o conteúdo da saqueta num recipiente com 250 ml de leite. Aqueça os restantes 250 ml de leite num tacho e quando estiver a ferver adicione a mistura anterior mexendo até que volte aferver.2.Retire o tacho uns segundos do lume sem deixar de mexer. Coloque outra vez no lume até que ferva.3.Deite em taças e deixe repousar 4 horas no frigorífico. Se não desejar que se forme uma capa de creme na superfície, tape as taças com papel de alumínio..","ean":"0000084100559"},{"full_name":"ROYAL preparado para tortitas American Style 6 unidades caja 120 g","name":"preparado para tortitas American Style 6 unidades caja 120 g","brand":"ROYAL ","img":"https://sgfm.elcorteingles.es/SGFM/dctm/MEDIA03/201709/27/00120606701066____1__600x600.jpg","price":"1,00 €","price_unit":"(8,33 € / Kilo)","categories":["Supermercado","Desayunos Dulces y pan","Desayunos, dulces y pan","Repostería para preparar","Preparados diversos","ROYAL preparado para tortitas American Style 6 unidades caja 120 g"],"general_information":["Denominación del alimento: Preparado en polvo para hacer tortitas.","País de origen: España","Nombre del operador: Mondelez España Commercial, S.L.","Dirección del operador: C/Eucalipto, 25  - 28016 Madrid,  España","Cantidad Neta: 120 g"],"ingredients":[" Ingredientes: Harina de TRIGO, azúcar, gasificantes (carbonato ácido de sodio, difosfato disódico, fosfato monocálcico), harina de arroz, aromas, colorante (E 150d). PUEDE CONTENER HUEVO Y LECHE."],"conservation":"Modo de empleo: es : ES(es)1. Vacíé el contenido de los dos sobres en un bol y añada 200 ml de leche. Bata la mezcla con una batidora durante 2 minutos. 2. Ponga una sartén a fuego medio y úntala con mantequilla (cantidad aprox. una cucharadita de café). Una vez esté caliente, vierta la mezcla en la sartén, calculando una medida de un cucharón para cada tortita (cerca de 53 g). Cocine aproximadamente 2 minutos por cada lado hasta que ambos estén dorados y retire del fuego.3. Sírvalas aún calientes. Sugerencia: Para un mayor disfrute acompáñelas con el delicioso Sirope Milka o como más te apetezca.PT(pt)1. Verta o conteúdo das 2 saquetas numa tijela e adicione 200 ml de leite. Bata com a varinha mágica durante 2 minutos.2. Leve ao lume médio uma frigideira antiaderente untada com manteiga (aproximadamente uma colher de café). Quando estiver quente, verta uma pequena quantidade de massa (cerca de 53 g) na frigideira utilizando uma concha como medida. Deixe cozinhar aproximadamente 2 minutos de cada lado até ficarem douradas e retire do lume.3. Sirva ainda quente e acompanhe as Panquecas com o delicioso Topping Milka, morangos ou o que o que mais lhe apeteça!.","ean":"7622210795748"},{"full_name":"ROYAL preparado tipo Chantilly 9 raciones caja 72 g","name":"preparado tipo Chantilly 9 raciones caja 72 g","brand":"ROYAL ","img":"https://sgfm.elcorteingles.es/SGFM/dctm/MEDIA03/201607/13/00120607102710____1__600x600.jpg","price":"1,81 €","price_unit":"(25,14 € / Kilo)","categories":["Supermercado","Desayunos Dulces y pan","Desayunos, dulces y pan","Repostería para preparar","Preparados diversos","ROYAL preparado tipo Chantilly 9 raciones caja 72 g"],"general_information":["Denominación del alimento: Preparado en polvo para rellenos y coberturas montadas con aroma de nata.","País de origen: España","Nombre del operador: Mondelez España Commercial, S.L.","Dirección del operador: C/Eucalipto, 25  - 28016 Madrid,  España","Cantidad Neta: 72 g"],"ingredients":[" INGREDIENTES: Azúcar, jarabe de glucosa, grasa de palmiste totalmente hidrogenada, emulgentes (E-471, E-472a), proteínas de LECHE, estabilizante (E-340), antiaglomerante (E-341), aroma a nata. PUEDE CONTENER TRIGO Y HUEVO."],"conservation":"Modo de empleo: es : ES: Fácil y rápido 1.- Vacíe el contenido del sobre en un recipiente seco. Añada 200 ml de leche muy fría de la nevera y mezcle bien hasta que se disuelva. 2.- Bata durante 2 minutos con el batidor eléctrico o a mano durante 4-5 minutos hasta obtener la consistencia deseada y...Listo para servir!  PT: Fácil e rápido 1.- Coloque o conteúdo desta saqueta numa taça. Adicione pouco a pouco 200 ml de leite frio ou de água fria e mexa até o pó se misturar. 2.- Bata durante 2 minutos com a batedeira eléctrica ou à mão durante 4-5 minutos, até obter a consistência desejada e...Está pronto a servir!.","ean":"7622210601810"},{"full_name":"ROYAL Milka preparado para helado de chocolate con trocitos 6 raciones caja 215 g","name":"Milka preparado para helado de chocolate con trocitos 6 raciones caja 215 g","brand":"ROYAL ","img":"https://sgfm.elcorteingles.es/SGFM/dctm/MEDIA03/201705/19/00120606701033____5__600x600.jpg","price":"2,70 €","price_unit":"(12,56 € / Kilo)","categories":["Supermercado","Desayunos Dulces y pan","Desayunos, dulces y pan","Repostería para preparar","Preparados diversos","ROYAL Milka preparado para helado de chocolate con trocitos 6 raciones caja 215 g"],"general_information":["Denominación del alimento: Preparado en polvo para hacer helado con cacao y con chocolate con leche (23%).","País de origen: España","Nombre del operador: Mondelez España Commercial, S.L.","Dirección del operador: C/Eucalipto, 25  - 28016 Madrid,  España","Cantidad Neta: 215 g"],"ingredients":[" Ingredientes: Preparado en polvo para hacer helado con cacao: Jarabe de glucosa, dextrosa, azúcar, inulina, LECHE desnatada en polvo, cacao (4,5%), manteca de coco totalmente hidrogenada, emulgentes (monoglicéridos y diglicéridos de ácidos grasos, lecitina de SOJA), proteínas de la LECHE, estabilizantes (E-410, E-340), cacao magro, aromas, colorante (E-150d), sal. Pepitas de chocolate con LECHE: Azúcar, manteca de cacao, LECHE en polvo, pasta de cacao, emulgente (lecitina de SOJA), aroma. PUEDE CONTENER TRIGO Y HUEVO."],"conservation":"Modo de empleo: es : ES - Instrucciones de preparación: 1. Vacíe el contenido del sobre del preparado para helado en un bol y añada 250 ml de leche fría, idealmente leche entera para una mayor cremosidad.2. Bata durante 2 minutos con una batidora normal de cuchillas, moviendo ligeramente la batidora arriba y abajo. Ponga las pepitas Milka en un recipiente pequeño e introdúzcalas en el microondas 1 minuto a potencia media. Remueva hasta que se terminen de derretir y viértalas sobre el helado. Remueva ligeramente con el mango de una cuchara para distribuir el chocolate Milka de manera uniforme por toda la mezcla.3. Vierta el helado en un recipiente con tapa y guárdelo en el congelador, dejándolo 4 horas si el recipiente es grande ó 3 horas si son recipientes individuales. CONSEJO: Antes de servir, dejar el helado unos minutos a temperatura ambiente para que adquiera todo su sabor y cremosidad.","ean":"7622210732132"},{"full_name":"ROYAL preparado para helado de vainilla con trocitos de Oreo 6 raciones caja 175 g","name":"preparado para helado de vainilla con trocitos de Oreo 6 raciones caja 175 g","brand":"ROYAL ","img":"https://sgfm.elcorteingles.es/SGFM/dctm/MEDIA03/201705/19/00120606701025____5__600x600.jpg","price":"2,70 €","price_unit":"(15,43 € / Kilo)","categories":["Supermercado","Desayunos Dulces y pan","Desayunos, dulces y pan","Repostería para preparar","Preparados diversos","ROYAL preparado para helado de vainilla con trocitos de Oreo 6 raciones caja 175 g"],"general_information":["Denominación del alimento: Preparado en polvo para hacer helado con sabor a vainilla y con galletas (20%) de cacao partidas a trocitos.","País de origen: España","Nombre del operador: Mondelez España Commercial, S.L.","Dirección del operador: C/Eucalipto, 25  - 28016 Madrid,  España","Cantidad Neta: 175 g"],"ingredients":[" Ingredientes: Preparado en polvo para hacer helado con sabor a vainilla: Jarabe de glucosa, dextrosa, azúcar, inulina, LECHE desnatada en polvo, manteca de coco totalmente hidrogenada, emulgente (monoglicéridos y diglicéridos de ácidos grasos), proteínas de la LECHE, estabilizantes (E-410, E-340), aromas. Galletas de cacao partidas a trocitos: Harina de TRIGO, azúcar, grasas vegetales (palma, palmiste), cacao magro (1,3%), jarabe de glucosa y fructosa, almidón de TRIGO, gasificantes (bicarbonato de potasio, bicarbonato amónico, bicarbonato de sodio), sal, emulgentes (lecitina de SOJA, lecitina de girasol), aroma. PUEDE CONTENER FRUTOS DE CÁSCARA Y HUEVO."],"conservation":"Modo de empleo: es : ES - Instrucciones de preparación:1. Vacíe el contenido del sobre del preparado para helado en un bol y añada 200 ml de leche fría, idealmente leche entera para una mayor cremosidad.2. Bata durante 2 minutos con una batidora normal de cuchillas, moviendo ligeramente la batidora arriba y abajo. Vacíe el contenido del sobre con galletas Oreo troceadas y reserve unas pocas para decorar al final de la preparación. Remueva la mezcla con una cuchara para distribuir los trocitos de galleta de manera uniforme por toda la mezcla.3. Vierta el helado en un recipiente con tapa y guárdelo en el congelador, dejándolo 4 horas si el recipiente es grande ó 3 horas si son recipientes individuales.CONSEJO: Antes de servir, dejar el helado unos minutos a temperatura ambiente para que adquiera todo su sabor y cremosidad..","ean":"7622210732149"},{"full_name":"VAHINE Fix Neige claras firmes y esponjosas 3 unidades caja 12 g","name":"Fix Neige claras firmes y esponjosas 3 unidades caja 12 g","brand":"VAHINE ","img":"https://sgfm.elcorteingles.es/SGFM/dctm/MEDIA03/201605/06/00200207102781____1__600x600.jpg","price":"1,25 €","price_unit":"(104,17 € / Kilo)","categories":["Supermercado","Desayunos Dulces y pan","Desayunos, dulces y pan","Repostería para preparar","Preparados diversos","VAHINE Fix Neige claras firmes y esponjosas 3 unidades caja 12 g"],"general_information":["Denominación del alimento: Especialidad para preparación a base de claras de huevo.","País de origen: Francia","Nombre del operador: McCormick España, S.A.","Dirección del operador: Av.Francesc Macià, 38 p.11 08208 Sabadell. www.vahine.es","Cantidad Neta: 12 g"],"ingredients":[" Ingredientes : Azúcar, espesantes: goma guar, goma xantana, corrector de acidez: ácido cítrico."],"conservation":" Conservar alejado de la luz, del calor y de la humedad.","ean":"3179142055081"},{"full_name":"VAHINE Pectina mix gelificante especial para frutas 3 sobres caja 24 g","name":"Pectina mix gelificante especial para frutas 3 sobres caja 24 g","brand":"VAHINE ","img":"https://sgfm.elcorteingles.es/SGFM/dctm/MEDIA03/201605/06/00200207102799____1__600x600.jpg","price":"3,06 €","price_unit":"(127,50 € / Kilo)","categories":["Supermercado","Desayunos Dulces y pan","Desayunos, dulces y pan","Repostería para preparar","Preparados diversos","VAHINE Pectina mix gelificante especial para frutas 3 sobres caja 24 g"],"general_information":["Denominación del alimento: Mezcla a base de pectina","País de origen: Portugal","Nombre del operador: McCORMICK ESPAÑA, S.A.","Dirección del operador: Av.Francesc Macià, 38 p.11 08208 Sabadell. www.vahine.es","Cantidad Neta: 24 g"],"ingredients":[" Ingredientes: Azúcar, gelificante: pectinas (30%), aceite de girasol."],"conservation":" Conservar alejado de la luz, del calor y de la humedad.","ean":"3179142054534"},{"full_name":"MARY LEE preparado para tortitas americanas sobre 156 g","name":"preparado para tortitas americanas sobre 156 g","brand":"MARY LEE ","img":"https://sgfm.elcorteingles.es/SGFM/dctm/MEDIA03/201605/10/00120606900155____2__600x600.jpg","price":"1,33 €","price_unit":"(8,53 € / Kilo)","categories":["Supermercado","Desayunos Dulces y pan","Desayunos, dulces y pan","Repostería para preparar","Preparados diversos","MARY LEE preparado para tortitas americanas sobre 156 g"],"general_information":["Denominación del alimento: Preparado para hacer tortitas","País de origen: Estados Unidos","Nombre del operador: Alimentación Varma, S.L.","Dirección del operador: C/ La granja, 15 - Pol. Industrial Alcobendas. 28108 Alcobendas (Madrid) - España","Cantidad Neta: 156 g"],"ingredients":[" Harina blanca enriquecida (harina de trigo blanca, harina de cebada malteada, niacina, hierro, mononitrato de tiamina, riboflavina, ácido fólico), azúcar, levadura (bicarbonato de sodio, fosfato de sodio y aluminio, fosfato monocálcico), contiene 2% o menos de: Aceite de soja, dextrosa, suero de leche, yema de huevo, sal, almidón de maíz, huevo blanco.  Puede contener trazas de soja, nueces y cacahuetes."],"conservation":" Conservar bien cerrado y en lugar seco.","ean":"8425190261789"},{"full_name":"MARY LEE preparado para cocinar brownies de chocolate paquete 291 g","name":"preparado para cocinar brownies de chocolate paquete 291 g","brand":"MARY LEE ","img":"https://sgfm.elcorteingles.es/SGFM/dctm/MEDIA03/201605/10/00120606900163____1__600x600.jpg","price":"3,21 €","price_unit":"(11,03 € / Kilo)","categories":["Supermercado","Desayunos Dulces y pan","Desayunos, dulces y pan","Repostería para preparar","Preparados diversos","MARY LEE preparado para cocinar brownies de chocolate paquete 291 g"],"general_information":["Denominación del alimento: Preparado para hacer brownie","País de origen: Estados Unidos","Nombre del operador: Alimentación Varma, S.L.","Dirección del operador: C/ La granja, 15 - Pol. Industrial Alcobendas. 28108 Alcobendas (Madrid) - España","Cantidad Neta: 291 g"],"ingredients":[" Azúcar, harina blanca enriquecida (harina de trigo blanqueada, niacina, hierro, mononitrato de tiamina, riboflavina, ácido fólico), cacao, aceite vegetal parcialmente hidrogenado (aceite de soja), continene 2% o menos de: sal, sabores artificiales, almidón de maíz, levadura (bicarbonato de sodio). Puede contener trazas de soja, leche, huevo, nueces y cacahuetes."],"conservation":" Conservar bien cerrado y en lugar seco.","ean":"8425190183470"},{"full_name":"MARY LEE bizcocho sabor de chocolate para microondas 1 minuto bote 70 g","name":"bizcocho sabor de chocolate para microondas 1 minuto bote 70 g","brand":"MARY LEE ","img":"https://sgfm.elcorteingles.es/SGFM/dctm/MEDIA03/201610/05/00120607102694____2__600x600.jpg","price":"1,89 €","price_unit":"(27 € / Kilo)","categories":["Supermercado","Desayunos Dulces y pan","Desayunos, dulces y pan","Repostería para preparar","Preparados diversos","MARY LEE bizcocho sabor de chocolate para microondas 1 minuto bote 70 g"],"general_information":["Denominación del alimento: Vaso preparado para bizcocho de chocolate","País de origen: Estados Unidos","Nombre del operador: Alimentación Varma, S.L.","Dirección del operador: C/ La granja, 15 - Pol. Industrial Alcobendas. 28108 Alcobendas (Madrid) - España","Cantidad Neta: 70 g"],"ingredients":[" Azúcar, harina de trigo, cacao en polvo (14%), aciete vegetal hidrogenado (palma y coco) (contiene leche), leche en polvo, saborizantes, clara de huevo en polvo, gasificantes (E500ii, E450ii), emulgente (jarabe de glucosa, harina de soja, E472b y E477), sal y almidón. Contiene: gluten, leche huevo y soja."],"conservation":" Conservar en lugar fresco y seco.","ean":"8425190183609"},{"full_name":"HARIMSA preparado para tortitas paquete 500 g","name":"preparado para tortitas paquete 500 g","brand":"HARIMSA ","img":"https://sgfm.elcorteingles.es/SGFM/01/23/0/0118037901230/0118037901230000g01011.jpg","price":"1,92 €","price_unit":"(3,84 € / Kilo)","categories":["Supermercado","Desayunos Dulces y pan","Desayunos, dulces y pan","Repostería para preparar","Preparados diversos","HARIMSA preparado para tortitas paquete 500 g"],"general_information":[],"ingredients":[],"ean":"8420813193805"},{"full_name":"HARIMSA preparado para crepes paquete 500 g","name":"preparado para crepes paquete 500 g","brand":"HARIMSA ","img":"https://sgfm.elcorteingles.es/SGFM/dctm/MEDIA02/CONTENIDOS/201412/10/00118037901180____2__600x600.jpg","price":"1,92 €","price_unit":"(3,84 € / Kilo)","categories":["Supermercado","Desayunos Dulces y pan","Desayunos, dulces y pan","Repostería para preparar","Preparados diversos","HARIMSA preparado para crepes paquete 500 g"],"general_information":["Denominación del alimento: Harina para hacer Crepes.","Nombre del operador: Harinera Mediterránea S.A.","Dirección del operador: C/ Eduardo Marquina, 18 (30203 Cartagena, Murcia).","Cantidad Neta: 500 g"],"ingredients":[" Harina de trigo, azúcar, huevo en polvo, leche en polvo, suero de leche en polvo, gasificante (E-450i, E-500ii, E-170, almidón de maíz y antiaglomerante E-516), sal."],"conservation":" Conservar en lugar fresco (menos de 25°C) seco y aislado del suelo. Una vez abierto el envase recomendamos guardar refrigerado.","ean":"8420813193461"},{"full_name":"HARIMSA preparado para churros paquete 500 g","name":"preparado para churros paquete 500 g","brand":"HARIMSA ","img":"https://sgfm.elcorteingles.es/SGFM/dctm/MEDIA02/CONTENIDOS/201412/10/00118037901198____1__600x600.jpg","price":"1,99 €","price_unit":"(3,98 € / Kilo)","categories":["Supermercado","Desayunos Dulces y pan","Desayunos, dulces y pan","Repostería para preparar","Preparados diversos","HARIMSA preparado para churros paquete 500 g"],"general_information":["Denominación del alimento: Churros","Nombre del operador: Harinera Mediterránea S.A.","Dirección del operador: C/ Eduardo Marquina nº 18, Cartagena 30203 (Murcia).","Cantidad Neta: 500 g"],"ingredients":[" Harina de trigo, leche en polvo, suero de leche, levadura seca, sal, espesantes (E412, E415), E491. Contiene gluten y leche. Puede contener trazas de huevo y soja."],"conservation":" Conservar en lugar fresco (menos de 25°C), seco y aislado del suelo. Una vez abierto recomendamos guardar refrigerado.","ean":"8420813193492"},{"full_name":"DR. OETKER preparado para crepes dulce o salado rellenar con leche y agitar estuche 175 g","name":"preparado para crepes dulce o salado rellenar con leche y agitar estuche 175 g","brand":"DR. OETKER ","img":"https://sgfm.elcorteingles.es/SGFM/dctm/MEDIA03/201712/26/00120606900338____1__600x600.jpg","price":"2,17 €            ","price_unit":"(11,94 € / Kilo)","categories":["Supermercado","Desayunos Dulces y pan","Desayunos, dulces y pan","Repostería para preparar","Preparados diversos","DR. OETKER preparado para crepes dulce o salado rellenar con leche y agitar estuche 175 g"],"general_information":["Denominación del alimento: Mezcla preparada para Crepes","Nombre del operador: Dr. Oetker Ibérica S.A.","Dirección del operador: Avda. Diagonal 601, 3ª - 08028","Cantidad Neta: 175 g"],"ingredients":[" harina de trigo, azúcar, gluten de trigo, maltodextrina, emulgente (lecitina de soja), leche desnatada en polvo, gasificantes (difosfatos, carbonatos de sodio), sal, antiaglomerante (dióxido de silicio)"],"conservation":" Conservar en lugar fresco y seco","ean":"4047008000423"},{"full_name":"DR. OETKER preparado para muffins 12 unidades moldes incluidos estuche 370 g","name":"preparado para muffins 12 unidades moldes incluidos estuche 370 g","brand":"DR. OETKER ","img":"https://sgfm.elcorteingles.es/SGFM/dctm/MEDIA03/201712/26/00120606900296____1__600x600.jpg","price":"3,33 €            ","price_unit":"(8,81 € / Kilo)","categories":["Supermercado","Desayunos Dulces y pan","Desayunos, dulces y pan","Repostería para preparar","Preparados diversos","DR. OETKER preparado para muffins 12 unidades moldes incluidos estuche 370 g"],"general_information":["Denominación del alimento: Preparado en polvo para hacer Muffins","Nombre del operador: Dr. Oetker Ibérica S.A.","Dirección del operador: Avda. Diagonal 601, 3ª - 08028","Cantidad Neta: 370 g"],"ingredients":[" mezcla preparada: harina de trigo, azúcar, almidón de trigo, dextrosa, gasificantes (difosfato disódico, carbonato ácido de sodio), espesantes (goma xantana, goma guar, carboximetilcelulosa), almidón de arroz, emulgentes (ésteres poliglicéridos de acidos grasos, monoglicéridos y diglicéridos de ácidos grasos, monooleato de sorbitano polioxietilenado), aroma. pepitas de chocolate (18.9%): azúcar, pasta de cacao, manteca de cacao, emulgente (lecitina de girasol), aroma. puede contener trazas de huevo, soja, leche y frutos de cáscara"],"conservation":" Conservar en lugar fresco y seco","ean":"4047008000515"},{"full_name":"DR. OETKER preparado para coulant de chocolate 4 unidades moldes incluidos estuche 240 g","name":"preparado para coulant de chocolate 4 unidades moldes incluidos estuche 240 g","brand":"DR. OETKER ","img":"https://sgfm.elcorteingles.es/SGFM/dctm/MEDIA03/201712/26/00120606900346____1__600x600.jpg","price":"3,48 €            ","price_unit":"(14,08 € / Kilo)","categories":["Supermercado","Desayunos Dulces y pan","Desayunos, dulces y pan","Repostería para preparar","Preparados diversos","DR. OETKER preparado para coulant de chocolate 4 unidades moldes incluidos estuche 240 g"],"general_information":["Denominación del alimento: Preparado en polvo para hacer Coulant de chocolate","Nombre del operador: Dr. Oetker Ibérica S.A.","Dirección del operador: Avda. Diagonal 601, 3ª - 08028","Cantidad Neta: 240 g"],"ingredients":[" mezcla preparada: azúcar, harina de trigo, 11.8% trocitos de chocolate [azúcar, pasta de cacao, manteca de cacao, emulgente (lecitina de girasol), aroma], 3.5% cacao desgrasado en polvo, aroma, sal. cobertura especial con grasa vegetal: grasas vegetales de palma y de karité, azúcar, 19% cacao desgrasado en polvo, emulgente (lecitina de girasol). puede contener trazas de huevo, soja, leche y frutos de cáscara"],"conservation":" Conservar en lugar fresco y seco","ean":"4047008000126"},{"full_name":"DR. OETKER preparado para mug cake de chocolate sin gluten sobre 60 g","name":"preparado para mug cake de chocolate sin gluten sobre 60 g","brand":"DR. OETKER ","img":"https://sgfm.elcorteingles.es/SGFM/dctm/MEDIA03/201609/02/00120607102736____1__600x600.jpg","price":"1,25 €            ","price_unit":"(20 € / Kilo)","categories":["Supermercado","Desayunos Dulces y pan","Desayunos, dulces y pan","Repostería para preparar","Preparados diversos","DR. OETKER preparado para mug cake de chocolate sin gluten sobre 60 g"],"general_information":[],"ingredients":[],"ean":"4047008007903"},{"full_name":"DR. OETKER preparado para mug cake de chocolate sobre 65 g","name":"preparado para mug cake de chocolate sobre 65 g","brand":"DR. OETKER ","img":"https://sgfm.elcorteingles.es/SGFM/dctm/MEDIA03/201712/26/00120607102371____3__600x600.jpg","price":"1,42 €            ","price_unit":"(21,08 € / Kilo)","categories":["Supermercado","Desayunos Dulces y pan","Desayunos, dulces y pan","Repostería para preparar","Preparados diversos","DR. OETKER preparado para mug cake de chocolate sobre 65 g"],"general_information":["Denominación del alimento: Preparado alimenticio en polvo para hacer pastel a la taza de chocolate con copos de chocolate","Nombre del operador: Dr. Oetker Ibérica S.A.","Dirección del operador: Avda. Diagonal 601, 3ª - 08028","Cantidad Neta: 70 g"],"ingredients":[" azúcar, harina de trigo, 12% cacao desgrasado en polvo, 8% copos de chocolate (azúcar, pasta de cacao, cacao desgrasado en polvo), huevo entero en polvo, almidón de trigo, clara de huevo en polvo, almidón de arroz, emulgentes (ésteres poliglicéridos de ácidos grasos, monoglicéridos y diglicéridos de ácidos grasos, monooleato de sorbitano polioxietilenado), gasificantes (carbonato ácido de sodio, difosfato disódico), espesante (goma xantana), corrector de acidez (ácido cítrico). puede contener trazas de soja, leche y frutos de cáscara"],"conservation":" Conservar en lugar fresco y seco","ean":"4047008003981"},{"full_name":"DR. OETKER preparado para mug cake de vainilla con pepitas de chocolate sobre 65 g","name":"preparado para mug cake de vainilla con pepitas de chocolate sobre 65 g","brand":"DR. OETKER ","img":"https://sgfm.elcorteingles.es/SGFM/dctm/MEDIA03/201712/26/00120607102389____3__600x600.jpg","price":"1,52 €            ","price_unit":"(22,92 € / Kilo)","categories":["Supermercado","Desayunos Dulces y pan","Desayunos, dulces y pan","Repostería para preparar","Preparados diversos","DR. OETKER preparado para mug cake de vainilla con pepitas de chocolate sobre 65 g"],"general_information":["Denominación del alimento: Preparado alimenticio en polvo para hacer pastel a la taza sabor vainilla con copos de chocolate","Nombre del operador: Dr. Oetker Ibérica S.A.","Dirección del operador: Avda. Diagonal 601, 3ª - 08028","Cantidad Neta: 65 g"],"ingredients":[" azúcar, harina de trigo, 12% copos de chocolate (azúcar, pasta de cacao, cacao desgrasado en polvo), huevo entero en polvo, almidón de trigo, clara de huevo en polvo, almidón de arroz, emulgentes (ésteres poliglicéridos de ácidos grasos, monoglicéridos y diglicéridos de ácidos grasos, monooleato de sorbitano polioxietilenado), gasificantes (carbonato ácido de sodio, difosfato disódico), aroma natural de vainilla, espesante (goma xantana), corrector de acidez (ácido cítrico). puede contener trazas de soja, leche y frutos de cáscara"],"conservation":" Conservar en lugar fresco y seco","ean":"4047008004018"},{"full_name":"DR. OETKER Natafix preparado para hacer montar nata fácilmente 3 sobres estuche 30 g","name":"Natafix preparado para hacer montar nata fácilmente 3 sobres estuche 30 g","brand":"DR. OETKER ","img":"https://sgfm.elcorteingles.es/SGFM/dctm/MEDIA02/CONTENIDOS/201504/21/00200207102500____1__600x600.jpg","price":"1,04 €            ","price_unit":"(33,33 € / Kilo)","categories":["Supermercado","Desayunos Dulces y pan","Desayunos, dulces y pan","Repostería para preparar","Preparados diversos","DR. OETKER Natafix preparado para hacer montar nata fácilmente 3 sobres estuche 30 g"],"general_information":["Denominación del alimento: Preparado alimenticio en polvo para montar nata.","Nombre del operador: Dr. Oetker Ibérica S.A.","Dirección del operador: Avda. Diagonal 601, 3ª - 08028","Cantidad Neta: 30 g"],"ingredients":[" azúcar, almidón modificado, antiaglomerante (fosfato tricálcico)."],"conservation":" Conservar en lugar fresco y seco","ean":"4047008004759"},{"full_name":"MAIZENA preparado para hacer tortitas 12 unidades bote 215 g","name":"preparado para hacer tortitas 12 unidades bote 215 g","brand":"MAIZENA ","img":"https://sgfm.elcorteingles.es/SGFM/dctm/MEDIA03/201604/01/00120606900254____1__600x600.jpg","price":"1,86 €","price_unit":"(8,65 € / Kilo)","categories":["Supermercado","Desayunos Dulces y pan","Desayunos, dulces y pan","Repostería para preparar","Preparados diversos","MAIZENA preparado para hacer tortitas 12 unidades bote 215 g"],"general_information":["Denominación del alimento: Preparado para tortitas tipo pancake","Nombre del operador: Unilever España S.A.","Dirección del operador: C/Tecnología 19, 08840 Viladecans (Barcelona)","Cantidad Neta: 215 g"],"ingredients":[" Harina de trigo, jarabe de glucosa, azúcar, yema de huevo, gasificantes (E450, E500ii), almidón modificado de patata, clara de huevo, sal, almidón de patata, sal yodada. Puede contener leche."],"conservation":" Mantener en un lugar fresco y seco","ean":"4000400156570"},{"full_name":"MAIZENA preparado para hacer crepes 10 unidades bote 198 g","name":"preparado para hacer crepes 10 unidades bote 198 g","brand":"MAIZENA ","img":"https://sgfm.elcorteingles.es/SGFM/dctm/MEDIA02/CONTENIDOS/201601/20/00120606900361____1__600x600.jpg","price":"1,86 €","price_unit":"(9,39 € / Kilo)","categories":["Supermercado","Desayunos Dulces y pan","Desayunos, dulces y pan","Repostería para preparar","Preparados diversos","MAIZENA preparado para hacer crepes 10 unidades bote 198 g"],"general_information":["Denominación del alimento: Preparado para crepes","Nombre del operador: Unilever España S.A.","Dirección del operador: C/Tecnología 19, 08840 Viladecans (Barcelona)","Cantidad Neta: 198 g"],"ingredients":[" Harina de trigo, jarabe de glucosa, huevo, yema de huevo, fructosa, sal. Puede contener leche."],"conservation":" MANTENER EN UN LUGAR FRESCO Y SECO","ean":"4000400156563"},{"full_name":"EL CORTE INGLES preparado para hacer bizcocho 8 raciones estuche 375 g","name":"preparado para hacer bizcocho 8 raciones estuche 375 g","brand":"EL CORTE INGLES ","img":"https://sgfm.elcorteingles.es/SGFM/dctm/MEDIA03/201603/02/00120606700910____2__600x600.jpg","price":"1,93 €","price_unit":"(5,15 € / Kilo)","categories":["Supermercado","Desayunos Dulces y pan","Desayunos, dulces y pan","Repostería para preparar","Preparado para bizcochos y tartas","EL CORTE INGLES preparado para hacer bizcocho 8 raciones estuche 375 g"],"general_information":["Denominación del alimento: Preparado alimenticio en polvo para la elaboración de bizcocho casero","Nombre del operador: Elaborado para El Corte Inglés por \nPromolac España, S.A.                                     Polígono Industrial Pont Xetmar C/F Nave 6      17844  Cornellà del Terri - Girona - España","Cantidad Neta: 375 g"],"ingredients":[" Ingredientes:  Azúcar, harina de trigo, almidón de trigo emulgentes E-471 y E-472a, gasificantes (pirofosfato ácido sódico y bicarbonato sódico), leche en polvo desnatada, sal, estabilizante (carboximetilcelulosa) y aromas. Puede contener trazas de frutos secos, soja y huevo"],"conservation":" Conservar en lugar fresco y seco","ean":"8433329067485"},{"full_name":"EL CORTE INGLES preparado para hacer tarta de chocolate estuche 350 g","name":"preparado para hacer tarta de chocolate estuche 350 g","brand":"EL CORTE INGLES ","img":"https://sgfm.elcorteingles.es/SGFM/dctm/MEDIA03/201706/05/00120606700928____1__600x600.jpg","price":"2,79 €","price_unit":"(7,97 € / Kilo)","categories":["Supermercado","Desayunos Dulces y pan","Desayunos, dulces y pan","Repostería para preparar","Preparado para bizcochos y tartas","EL CORTE INGLES preparado para hacer tarta de chocolate estuche 350 g"],"general_information":["Denominación del alimento: Preparado alimenticio para la elaboración de tarta de chocolate con leche","Nombre del operador: Elaborado para El Corte Inglés por \nPromolac España, S.A.                                     Polígono Industrial Pont Xetmar C/F Nave 6      17844  Cornellà del Terri - Girona - España","Cantidad Neta: 350 g"],"ingredients":[" Ingredientes del preparado para tarta: Azúcar, harina de trigo, chocolate en polvo (pasta de cacao, leche en polvo desnatada, azúcar, cacao en polvo desgrasado, emulgente: lecitina de soja y aroma), cacao en polvo, gasificantes (pirofosfato ácido de sodio y bicarbonato sódico), leche en polvo desnatada, almidón de maíz, aromas y sal.\n\nIngredientes de la cobertura de chocolate: Azúcar, manteca de cacao, leche en polvo desnatada, pasta de cacao, suero en polvo, grasa butírica, leche en polvo entera, emulgente: lecitina de soja y aromas. Puede contener trazas de frutos secos y huevo."],"conservation":" Conservar en lugar fresco y seco","ean":"8433329067478"},{"full_name":"EL CORTE INGLES preparado para hacer brownies con pepitas de chocolate 10 raciones estuche 375 g","name":"preparado para hacer brownies con pepitas de chocolate 10 raciones estuche 375 g","brand":"EL CORTE INGLES ","img":"https://sgfm.elcorteingles.es/SGFM/dctm/MEDIA03/201706/05/00120606700944____1__600x600.jpg","price":"2,70 €","price_unit":"(7,20 € / Kilo)","categories":["Supermercado","Desayunos Dulces y pan","Desayunos, dulces y pan","Repostería para preparar","Preparado para bizcochos y tartas","EL CORTE INGLES preparado para hacer brownies con pepitas de chocolate 10 raciones estuche 375 g"],"general_information":["Denominación del alimento: Preparado alimenticio para la elaboración de brownie con pepitas de chocolate","Nombre del operador: Elaborado para El Corte Inglés por \nPromolac España, S.A.                                     Polígono Industrial Pont Xetmar C/F Nave 6      17844  Cornellà del Terri - Girona - España","Cantidad Neta: 375 g"],"ingredients":[" Ingredientes del preparado para brownie: Azúcar, harina de trigo, chocolate en polvo (pasta de cacao, leche en polvo desnatada, azúcar, cacao en polvo desgrasado, emulgente: lecitina de soja y aroma),\nalmidón de trigo, almidón modificado, cacao en polvo, aromas, almidón de maíz y estabilizante: goma guar.\n\nIngredientes de las pepitas de chocolate: Chocolate 65% (azúcar y cacao en polvo desgrasado), grasa vegetal parcialmente hidrogenada de coco y palma, agentes de recubrimiento (jarabe de glucosa, azúcar,\nestabilizante E-414, grasa vegetal de coco y almidón modificado), emulgente: lecitina de soja, antiaglomerante E-553b y aroma. Puede contener trazas de frutos secos y huevo."],"conservation":" Conservar en lugar fresco y seco","ean":"8433329067508"},{"full_name":"EL CORTE INGLES preparado para hacer coulant de chocolate casero estuche 240 g","name":"preparado para hacer coulant de chocolate casero estuche 240 g","brand":"EL CORTE INGLES ","img":"https://sgfm.elcorteingles.es/SGFM/dctm/MEDIA03/201706/05/00120606700969____1__600x600.jpg","price":"2,54 €","price_unit":"(10,58 € / Kilo)","categories":["Supermercado","Desayunos Dulces y pan","Desayunos, dulces y pan","Repostería para preparar","Preparado para bizcochos y tartas","EL CORTE INGLES preparado para hacer coulant de chocolate casero estuche 240 g"],"general_information":["Denominación del alimento: Preparado alimenticio para la elaboración de coulant de chocolate casero","Nombre del operador: Elaborado para El Corte Inglés por \nPromolac España, S.A.                                     Polígono Industrial Pont Xetmar C/F Nave 6      17844  Cornellà del Terri - Girona - España","Cantidad Neta: 240 g"],"ingredients":[" Ingredientes del preparado para coulant: Azúcar, harina de trigo, chocolate en polvo (pasta de cacao, leche en polvo desnatada, azúcar, cacao en polvo desgrasado, emulgente: lecitina de soja y aroma), cacao en polvo, almidón de maíz, aromas y sal.\nIngredientes de la cobertura de chocolate: Pasta de cacao, azúcar, manteca de cacao, cacao en polvo desgrasado, emulgente: lecitina de soja, y aroma. Puede contener trazas de frutos secos y huevo."],"conservation":" Conservar en lugar fresco y seco","ean":"8433329067522"},{"full_name":"EL CORTE INGLES preparado para hacer cup cakes 12 raciones estuche 385 g","name":"preparado para hacer cup cakes 12 raciones estuche 385 g","brand":"EL CORTE INGLES ","img":"https://sgfm.elcorteingles.es/SGFM/dctm/MEDIA03/201706/14/00120606700951____1__600x600.jpg","price":"2,49 €","categories":["Supermercado","Desayunos Dulces y pan","Desayunos, dulces y pan","Repostería para preparar","Preparado para bizcochos y tartas","EL CORTE INGLES preparado para hacer cup cakes 12 raciones estuche 385 g"],"general_information":["Denominación del alimento: Preparado alimenticio para la elaboración cup cakes","Nombre del operador: Elaborado para El Corte Inglés por \nPromolac España, S.A.                                     Polígono Industrial Pont Xetmar C/F Nave 6      17844  Cornellà del Terri - Girona - España","Cantidad Neta: 385 g"],"ingredients":[" Ingredientes del preparado para cup cakes: Harina de trigo, azúcar, gasificantes (pirofosfato ácido sódico y bicarbonato sódico), almidón de maíz, leche en polvo y aromas.\n\nIngredientes del glaseado: Azúcar y almidón de maíz. Puede contener trazas de frutos secos, soja y huevo."],"conservation":" Conservar en lugar fresco y seco","ean":"8433329067515"},{"full_name":"EL CORTE INGLES preparado para hacer muffins con pepitas de chocolate 12 raciones estuche 375 g","name":"preparado para hacer muffins con pepitas de chocolate 12 raciones estuche 375 g","brand":"EL CORTE INGLES ","img":"https://sgfm.elcorteingles.es/SGFM/dctm/MEDIA03/201709/11/00120606700936____1__600x600.jpg","price":"2,49 €","price_unit":"(6,64 € / Kilo)","categories":["Supermercado","Desayunos Dulces y pan","Desayunos, dulces y pan","Repostería para preparar","Preparado para bizcochos y tartas","EL CORTE INGLES preparado para hacer muffins con pepitas de chocolate 12 raciones estuche 375 g"],"general_information":["Denominación del alimento: Preparado alimenticio para la elaboración de muffins con pepitas de chocolate","Nombre del operador: Elaborado para El Corte Inglés por \nPromolac España, S.A.                                     Polígono Industrial Pont Xetmar C/F Nave 6      17844  Cornellà del Terri - Girona - España","Cantidad Neta: 375 g"],"ingredients":[" Ingredientes del preparado para muffins: Harina de trigo, azúcar, gasificantes (pirofosfato ácido sódico y bicarbonato sódico), sal, aromas, almidón de maíz y estabilizante: carboximetilcelulosa.\n\nIngredientes de las pepitas de chocolate: Chocolate 65% (azúcar y cacao en polvo desgrasado), grasa vegetal parcialmente hidrogenada de coco y palma, agentes de recubrimiento (jarabe de glucosa, azúcar, estabilizante E-414, grasa vegetal de coco y almidón modificado), emulgente: lecitina de soja, antiaglomerante E-553b y aroma. Puede contener trazas de frutos secos, leche y huevo."],"conservation":" Conservar en lugar fresco y seco","ean":"8433329067492"},{"full_name":"ALIADA preparados para hacer cup cakes estuche 385 g","name":"preparados para hacer cup cakes estuche 385 g","brand":"ALIADA ","img":"https://sgfm.elcorteingles.es/SGFM/dctm/MEDIA02/CONTENIDOS/201505/20/00120606700837____1__600x600.jpg","price":"1,00 €","price_unit":"(2,60 € / Kilo)","categories":["Supermercado","Desayunos Dulces y pan","Desayunos, dulces y pan","Repostería para preparar","Preparado para bizcochos y tartas","ALIADA preparados para hacer cup cakes estuche 385 g"],"general_information":["Denominación del alimento: Preparado alimenticio para la elaboración cup cakes","Nombre del operador: Elaborado para el \nGrupo El Corte Inglés\nHermosilla, 112   28009 Madrid ? España / \npor CIF: A03012655","Cantidad Neta: 385 g","Número de raciones por envase: 12"],"ingredients":[" Ingredientes del preparado para cup cakes: Harina de trigo, azúcar, gasificantes (pirofosfato ácidosódico y bicarbonato sódico), almidón de maíz, leche en polvo y aromas.\n\nIngredientes del glaseado: Azúcar y almidón de maíz. Puede contener trazas de frutos secos, soja y huevo."],"conservation":" Conservar en lugar fresco y seco","ean":"8433329052030"},{"full_name":"ALIADA preparado para hacer Muffins con pepitas de chocolate 12 raciones estuche 375 g","name":"preparado para hacer Muffins con pepitas de chocolate 12 raciones estuche 375 g","brand":"ALIADA ","img":"https://sgfm.elcorteingles.es/SGFM/dctm/MEDIA02/CONTENIDOS/201505/20/00120606700811____1__600x600.jpg","price":"2,54 €","price_unit":"(6,77 € / Kilo)","categories":["Supermercado","Desayunos Dulces y pan","Desayunos, dulces y pan","Repostería para preparar","Preparado para bizcochos y tartas","ALIADA preparado para hacer Muffins con pepitas de chocolate 12 raciones estuche 375 g"],"general_information":["Denominación del alimento: Preparado alimenticio para la elaboración de muffins con pepitas de chocolate\n\nIngredientes del preparado para muffins: Harina de $trigo$, azúcar, gasificantes (pirofosfato ácido sódico y bicarbonato sódico), sal, aromas, almidón de maíz y estabilizante: carboximetilcelulosa.\n\nIngredientes de las pepitas de chocolate: Chocolate 65% (azúcar y cacao en polvo desgrasado), grasa vegetal parcialmente hidrogenada de coco y palma, agentes de recubrimiento (jarabe de glucosa, azúcar, estabilizante E-41","Nombre del operador: Elaborado para el / Produzido para o\nGrupo El Corte Inglés\nHermosilla, 112   28009 Madrid ? España / Espanha\npor CIF: A03012655","Cantidad Neta: 375 g","Número de raciones por envase: 12"],"ingredients":[" Preparado alimenticio para la elaboración de muffins con pepitas de chocolate\n\nIngredientes del preparado para muffins: Harina de trigo, azúcar, gasificantes (pirofosfato ácido sódico y bicarbonato sódico), sal, aromas, almidón de maíz y estabilizante: carboximetilcelulosa.\n\nIngredientes de las pepitas de chocolate: Chocolate 65% (azúcar y cacao en polvo desgrasado), grasa vegetal parcialmente hidrogenada de coco y palma, agentes de recubrimiento (jarabe de glucosa, azúcar, estabilizante E-414, grasa vegetal de coco y almidón modificado), emulgente: lecitina de soja, antiaglomerante E-553b y aroma. Puede contener trazas de frutos secos, leche y huevo."],"conservation":" Conservar en lugar fresco y seco","ean":"8433329052016"},{"full_name":"ROYAL preparado para hacer tarta de chocolate Milka 12 raciones estuche 350 g","name":"preparado para hacer tarta de chocolate Milka 12 raciones estuche 350 g","brand":"ROYAL ","img":"https://sgfm.elcorteingles.es/SGFM/dctm/MEDIA02/CONTENIDOS/201601/08/00120606700456____1__600x600.jpg","price":"3,21 €","price_unit":"(9,17 € / Kilo)","categories":["Supermercado","Desayunos Dulces y pan","Desayunos, dulces y pan","Repostería para preparar","Preparado para bizcochos y tartas","ROYAL preparado para hacer tarta de chocolate Milka 12 raciones estuche 350 g"],"general_information":["Denominación del alimento: Preparado en polvo para hacer una tarta con chocolate con leche.","País de origen: España","Nombre del operador: Mondelez España Commercial, S.L.","Dirección del operador: C/Eucalipto, 25  - 28016 Madrid,  España","Cantidad Neta: 350 g"],"ingredients":[" Ingredientes: Chocolate con LECHE (28%) [azúcar, manteca de cacao, LECHE en polvo, pasta de cacao, emulgente (lecitina de SOJA), aroma], azúcar, harina de TRIGO, chocolate (14%) [azúcar, pasta de cacao, emulgente (lecitina de SOJA)], cacao en polvo, gasificantes (E-500, E-341), emulgentes (E-471, E-472a, E-477, E-470a, E-472e, E-472b, E-482), jarabe de glucosa, estabilizantes (E-450, E-340), grasa de palmiste totalmente hidrogenada, maltodextrina, LECHE desnatada en polvo, proteínas de la LECHE, sal, aroma. PUEDE CONTENER FRUTOS DE CÁSCARA Y HUEVO."],"conservation":"Modo de empleo: es : En la preparación es necesario añadir 3 huevos y 100 g de margarina. Ver instrucciones de preparación detalladas en el envase.","ean":"7622210009388"},{"full_name":"ROYAL preparado para cocinar bizcocho casero estuche 375 g","name":"preparado para cocinar bizcocho casero estuche 375 g","brand":"ROYAL ","img":"https://sgfm.elcorteingles.es/SGFM/dctm/MEDIA02/CONTENIDOS/201601/08/00120606700571____1__600x600.jpg","price":"2,53 €","price_unit":"(6,75 € / Kilo)","categories":["Supermercado","Desayunos Dulces y pan","Desayunos, dulces y pan","Repostería para preparar","Preparado para bizcochos y tartas","ROYAL preparado para cocinar bizcocho casero estuche 375 g"],"general_information":["Denominación del alimento: Preparado en polvo para hacer bizcocho.","País de origen: España","Nombre del operador: Mondelez España Commercial, S.L.","Dirección del operador: C/Eucalipto, 25  - 28016 Madrid,  España","Cantidad Neta: 375 g"],"ingredients":[" INGREDIENTES: Açúcar, harina de TRIGO (42%), almidón, emulgentes (E-471, E-477, E-470a, E-472e, E-472b, E-482), gasificantes (E-500, E-450, E-330, E-341), maltodextrina, LECHE desnatada en polvo, estabilizante (E-466), aromas, sal.\nPUEDE CONTENER HUEVO."],"conservation":" Conservar en lugar fresco y seco. Este producto debe cocinarse antes de ser consumido. Una vez preparado, conservar refrigerado.","ean":"8410000005912"},{"full_name":"ROYAL pastel de queso para preparar con sirope de fresa 8 raciones estuche 325 g","name":"pastel de queso para preparar con sirope de fresa 8 raciones estuche 325 g","brand":"ROYAL ","img":"https://sgfm.elcorteingles.es/SGFM/dctm/MEDIA02/CONTENIDOS/201601/08/00120606700209____1__600x600.jpg","price":"2,70 €","price_unit":"(8,31 € / Kilo)","categories":["Supermercado","Desayunos Dulces y pan","Desayunos, dulces y pan","Repostería para preparar","Preparado para bizcochos y tartas","ROYAL pastel de queso para preparar con sirope de fresa 8 raciones estuche 325 g"],"general_information":["Denominación del alimento: Preparado en polvo para hacer un pastel de queso (preparado en polvo para base de galleta, preparado en polvo para crema con queso, preparado en polvo para sirope con sabor a fresa).","País de origen: España","Nombre del operador: Mondelez España Commercial, S.L.","Dirección del operador: C/Eucalipto, 25  - 28016 Madrid,  España","Cantidad Neta: 325 g"],"ingredients":[" Ingredientes: Preparado en polvo para crema con queso: Azúcar, LECHE desnatada en polvo, almidón modificado, manteca de coco totalmente hidrogenada, emulgentes (E-471, E-472a, E-450), suero de LECHE en polvo, QUESO en polvo (2%), gelatina, estabilizantes (E-341, E-466, E-340), jarabe de glucosa, acidulante (ácido cítrico), sal, colorantes (E-161b, E-100), aromas. Preparado en polvo para base de galleta: Harina de TRIGO, azúcar, manteca de palma, jarabe de glucosa y fructosa, suero de LECHE en polvo, gasificantes (bicarbonato amónico, bicarbonato de sodio), sal, emulgentes (lecitina de SOJA, lecitina de girasol), agente de tratamiento da la harina (METABISULFITO sódico), aroma. Preparado en polvo para sirope con sabor a fresa: Azúcar, estabilizante (E-407), acidulante (ácido cítrico), aromas, colorantes (E-163, E-150d), emulgente (E-450). PUEDE CONTENER HUEVO."],"conservation":"Modo de empleo: es : En la preparación es necesario añadir 400 ml de leche semi-desnatada, 40 g de mantequilla y 70 ml de agua. Ver instrucciones de preparación detalladas en el envase.","ean":"8410000005608"},{"full_name":"ROYAL pastel Oreo Cake para preparar 8 raciones estuche 215 g","name":"pastel Oreo Cake para preparar 8 raciones estuche 215 g","brand":"ROYAL ","img":"https://sgfm.elcorteingles.es/SGFM/dctm/MEDIA02/CONTENIDOS/201601/08/00120606700217____1__600x600.jpg","price":"2,80 €","price_unit":"(13,02 € / Kilo)","categories":["Supermercado","Desayunos Dulces y pan","Desayunos, dulces y pan","Repostería para preparar","Preparado para bizcochos y tartas","ROYAL pastel Oreo Cake para preparar 8 raciones estuche 215 g"],"general_information":["Denominación del alimento: Preparado en polvo para hacer un pastel con galleta (65%) [Galletas de cacao molidas para la base y para la decoración, preparado en polvo para relleno con sabor a nata].","País de origen: España","Nombre del operador: Mondelez España Commercial, S.L.","Dirección del operador: C/Eucalipto, 25  - 28016 Madrid,  España","Cantidad Neta: 215 g"],"ingredients":[" Ingredientes: Galletas de cacao molidas para la base y para la decoración: Harina de TRIGO, azúcar, grasas vegetales (palma, palmiste), cacao magro (6,5%), jarabe de glucosa y fructosa, almidón de TRIGO, gasificantes (bicarbonato de potasio, bicarbonato amónico, bicarbonato de sodio), sal, emulgentes (lecitina de SOJA, lecitina de girasol), aroma (vainillina). Preparado en polvo para relleno sabor a nata: Azúcar, jarabe de glucosa, grasas vegetales totalmente hidrogenadas (palmiste, coco), gelatina, emulgente (E-472a), proteínas de la LECHE, almidón modificado, sal, aromas. PUEDE CONTENER HUEVO."],"conservation":" Conservar en lugar fresco y seco. Una vez preparado, conservar refrigerado.","ean":"8410000803891"},{"full_name":"DR. OETKER preparado para tarta de chocolate estilo francés 12 raciones estuche 355 g","name":"preparado para tarta de chocolate estilo francés 12 raciones estuche 355 g","brand":"DR. OETKER ","img":"https://sgfm.elcorteingles.es/SGFM/dctm/MEDIA03/201712/26/00120606700423____1__600x600.jpg","price":"3,51 €            ","price_unit":"(9,52 € / Kilo)","categories":["Supermercado","Desayunos Dulces y pan","Desayunos, dulces y pan","Repostería para preparar","Preparado para bizcochos y tartas","DR. OETKER preparado para tarta de chocolate estilo francés 12 raciones estuche 355 g"],"general_information":["Denominación del alimento: Preparado en polvo para hacer Tarta de Chocolate","Nombre del operador: Dr. Oetker Ibérica S.A.","Dirección del operador: Avda. Diagonal 601, 3ª - 08028","Cantidad Neta: 355 g"],"ingredients":[" azúcar, 21% chocolate [azúcar, pasta de cacao, manteca de cacao, emulgente (lecitina de girasol)], harina de trigo, 7% cacao desgrasado en polvo, 5.6% granos de cacao triturados, gasificantes (carbonatos de sodio, difosfatos, carbonatos de amonio), manteca de palma, sal, colorante (caramelo natural), aroma, antioxidantes (ácido tartárico, metabisulfito potásico). puede contener trazas de huevo, soja, leche y frutos de cáscara."],"conservation":" Conservar en lugar fresco y seco","ean":"4047008000096"},{"full_name":"DR. OETKER preparado para Tarta de Queso 8 raciones estuche 400 g","name":"preparado para Tarta de Queso 8 raciones estuche 400 g","brand":"DR. OETKER ","img":"https://sgfm.elcorteingles.es/SGFM/dctm/MEDIA02/CONTENIDOS/201504/21/00200206700932____1__600x600.jpg","price":"3,59 €            ","price_unit":"(8,80 € / Kilo)","categories":["Supermercado","Desayunos Dulces y pan","Desayunos, dulces y pan","Repostería para preparar","Preparado para bizcochos y tartas","DR. OETKER preparado para Tarta de Queso 8 raciones estuche 400 g"],"general_information":[],"ingredients":[],"ean":"4047008005862"},{"full_name":"DR. OETKER preparado para cocinar bizcocho extra esponjoso estuche 340 g","name":"preparado para cocinar bizcocho extra esponjoso estuche 340 g","brand":"DR. OETKER ","img":"https://sgfm.elcorteingles.es/SGFM/dctm/MEDIA03/201712/26/00120606700415____1__600x600.jpg","price":"2,68 €            ","price_unit":"(7,65 € / Kilo)","categories":["Supermercado","Desayunos Dulces y pan","Desayunos, dulces y pan","Repostería para preparar","Preparado para bizcochos y tartas","DR. OETKER preparado para cocinar bizcocho extra esponjoso estuche 340 g"],"general_information":["Denominación del alimento: Preparado en polvo para hacer Bizcocho","Nombre del operador: Dr. Oetker Ibérica S.A.","Dirección del operador: Avda. Diagonal 601, 3ª - 08028","Cantidad Neta: 340 g"],"ingredients":[" mezcla preparada: azúcar, harina de trigo, almidón de trigo, emulgentes (ésteres lácticos demonoglicéridos y diglicéridos de ácidos grasos, ésteres acéticos de monoglicéridos y diglicéridos de ácidos grasos), gasificantes (difosfatos, carbonatos de sodio), jarabe de glucosa, leche desnatada en polvo, aroma. azúcar glas: azúcar (96.7%), harina de trigo. puede contener trazas de huevo y frutos de cáscara."],"conservation":" Conservar en lugar fresco y seco","ean":"4047008000003"},{"full_name":"DR. OETKER preparado para brownies 16 raciones con molde incluido estuche 456 g","name":"preparado para brownies 16 raciones con molde incluido estuche 456 g","brand":"DR. OETKER ","img":"https://sgfm.elcorteingles.es/SGFM/00/30/4/0120606900304/0120606900304000g01011.jpg","price":"3,33 €            ","price_unit":"(7,08 € / Kilo)","categories":["Supermercado","Desayunos Dulces y pan","Desayunos, dulces y pan","Repostería para preparar","Preparado para bizcochos y tartas","DR. OETKER preparado para brownies 16 raciones con molde incluido estuche 456 g"],"general_information":["Denominación del alimento: Preparado alimenticio en polvo para hacer Brownies","Nombre del operador: Dr. Oetker Ibérica S.A.","Dirección del operador: Avda. Diagonal 601, 3ª - 08028","Cantidad Neta: 456 g"],"ingredients":[" mezcla preparada: azúcar, harina de trigo, 6.6% cacao desgrasado en polvo, aroma. Chocolate rallado (1.3%): azucar, pasta de cacao, cacao desgrasado en polvo, manteca de cacao, emulgente (lecitina de soja). Puede contener trazas de leche y frutos de cáscara"],"conservation":" Conservar en lugar fresco y seco","ean":"4047008000065"},{"full_name":"MARY LEE preparado para cocinar bizcocho de chocolate paquete 432 g","name":"preparado para cocinar bizcocho de chocolate paquete 432 g","brand":"MARY LEE ","img":"https://sgfm.elcorteingles.es/SGFM/dctm/MEDIA03/201608/31/00120606700589____2__600x600.jpg","price":"4,47 €","price_unit":"(10,35 € / Kilo)","categories":["Supermercado","Desayunos Dulces y pan","Desayunos, dulces y pan","Repostería para preparar","Preparado para bizcochos y tartas","MARY LEE preparado para cocinar bizcocho de chocolate paquete 432 g"],"general_information":[],"ingredients":[],"ean":"8425190183500"},{"full_name":"TIA MERRY base de bizcocho a la vainilla para tarta estuche 400 g","name":"base de bizcocho a la vainilla para tarta estuche 400 g","brand":"TIA MERRY ","img":"https://sgfm.elcorteingles.es/SGFM/00/72/9/0120672700729/0120672700729000g01011.jpg","price":"2,49 €","price_unit":"(6,22 € / Kilo)","categories":["Supermercado","Desayunos Dulces y pan","Desayunos, dulces y pan","Bollería y pastelería","Bizcochos y tartas","TIA MERRY base de bizcocho a la vainilla para tarta estuche 400 g"],"general_information":[],"ingredients":[],"ean":"8437008582085"},{"full_name":"ALIADA gelatina en hojas para elaboración en pastelería bolsa 20 g","name":"gelatina en hojas para elaboración en pastelería bolsa 20 g","brand":"ALIADA ","img":"https://sgfm.elcorteingles.es/SGFM/dctm/MEDIA02/CONTENIDOS/201510/05/00120606500286____1__600x600.jpg","price":"1,04 €","price_unit":"(52 € / Kilo)","categories":["Supermercado","Desayunos Dulces y pan","Desayunos, dulces y pan","Repostería para preparar","Gelatinas","ALIADA gelatina en hojas para elaboración en pastelería bolsa 20 g"],"general_information":["Denominación del alimento: Gelatina en hojas para la elaboración de pastelería en general","Nombre del operador: Elaborado para el \nGrupo El Corte Inglés\nHermosilla, 112   28009 Madrid ? España  \npor CIF: A03012655","Cantidad Neta: 20 g"],"ingredients":[" Ingredientes:  Gelatina (procedente de cerdo)."],"conservation":" Conservar en lugar fresco y seco","ean":"8433329051972"},{"full_name":"EL CORTE INGLES preparado para hacer gelatina sabor fresa con vitamina C 8 raciones estuche 170 g","name":"preparado para hacer gelatina sabor fresa con vitamina C 8 raciones estuche 170 g","brand":"EL CORTE INGLES ","img":"https://sgfm.elcorteingles.es/SGFM/dctm/MEDIA03/201608/31/00120606500310____1__600x600.jpg","price":"1,03 €","price_unit":"(6,06 € / Kilo)","categories":["Supermercado","Desayunos Dulces y pan","Desayunos, dulces y pan","Repostería para preparar","Gelatinas","EL CORTE INGLES preparado para hacer gelatina sabor fresa con vitamina C 8 raciones estuche 170 g"],"general_information":["Denominación del alimento: Preparado alimenticio para la elaboración de gelatina sabor fresa","Nombre del operador: Elaborado para El Corte Inglés por \nPromolac España, S.A.                                     Polígono Industrial Pont Xetmar C/F Nave 6      17844  Cornellà del Terri - Girona - España","Cantidad Neta: 170 g"],"ingredients":[" Ingredientes:  Azúcares, gelatina (13%), acidulante E-330, aromas de fresa, corrector de acidez E-331, colorante natural E-120 y vitamina C."],"conservation":" Conservar en lugar fresco y seco","ean":"8433329067409"},{"full_name":"EL CORTE INGLES preparado para hacer gelatina sabor limón con vitamina C 8 raciones estuche 170 g","name":"preparado para hacer gelatina sabor limón con vitamina C 8 raciones estuche 170 g","brand":"EL CORTE INGLES ","img":"https://sgfm.elcorteingles.es/SGFM/dctm/MEDIA03/201607/13/00120606500328____1__600x600.jpg","price":"1,03 €","price_unit":"(6,06 € / Kilo)","categories":["Supermercado","Desayunos Dulces y pan","Desayunos, dulces y pan","Repostería para preparar","Gelatinas","EL CORTE INGLES preparado para hacer gelatina sabor limón con vitamina C 8 raciones estuche 170 g"],"general_information":["Denominación del alimento: Preparado alimenticio para la elaboración de gelatina sabor limón","Nombre del operador: Elaborado para El Corte Inglés por \nPromolac España, S.A.                                     Polígono Industrial Pont Xetmar C/F Nave 6      17844  Cornellà del Terri - Girona - España","Cantidad Neta: 170 g"],"ingredients":[" Ingredientes:  Azúcares, gelatina (13%), acidulante E-330, aromas de limón, corrector de acidez E-331, colorante natural E-101 y vitamina C."],"conservation":" Conservar en lugar fresco y seco","ean":"8433329067416"},{"full_name":"EL CORTE INGLES preparado para hacer gelatina sabor frambuesa con vitamina C 8 raciones estuche 170 g","name":"preparado para hacer gelatina sabor frambuesa con vitamina C 8 raciones estuche 170 g","brand":"EL CORTE INGLES ","img":"https://sgfm.elcorteingles.es/SGFM/dctm/MEDIA03/201609/23/00120606500302____1__600x600.jpg","price":"1,03 €","price_unit":"(6,06 € / Kilo)","categories":["Supermercado","Desayunos Dulces y pan","Desayunos, dulces y pan","Repostería para preparar","Gelatinas","EL CORTE INGLES preparado para hacer gelatina sabor frambuesa con vitamina C 8 raciones estuche 170 g"],"general_information":["Denominación del alimento: Preparado alimenticio para la elaboración de gelatina sabor frambuesa","Nombre del operador: Elaborado para El Corte Inglés por \nPromolac España, S.A.                                     Polígono Industrial Pont Xetmar C/F Nave 6      17844  Cornellà del Terri - Girona - España","Cantidad Neta: 170 g"],"ingredients":[" Ingredientes:  Azúcares, gelatina (13%), acidulante E-330, aromas de frambuesa, corrector de acidez E-331, colorante natural E-120 y vitamina C."],"conservation":" Conservar en lugar fresco y seco","ean":"8433329067461"},{"full_name":"ROYAL gelatina sabor piña 10 raciones estuche 170 g","name":"gelatina sabor piña 10 raciones estuche 170 g","brand":"ROYAL ","img":"https://sgfm.elcorteingles.es/SGFM/dctm/MEDIA02/CONTENIDOS/201601/08/00120606500138____1__600x600.jpg","price":"2,02 €","price_unit":"(11,88 € / Kilo)","categories":["Supermercado","Desayunos Dulces y pan","Desayunos, dulces y pan","Repostería para preparar","Gelatinas","ROYAL gelatina sabor piña 10 raciones estuche 170 g"],"general_information":["Denominación del alimento: Preparado en polvo para hacer gelatina con sabor a piña.","País de origen: España","Nombre del operador: Mondelez España Commercial, S.L.","Dirección del operador: C/Eucalipto, 25  - 28016 Madrid,  España","Cantidad Neta: 170 g"],"ingredients":[" INGREDIENTES: Azúcar, gelatina (11%), correctores de acidez (ácido fumárico, citrato trisódico), aromas, colorante (E-100), vitamina C. PUEDE CONTENER TRIGO, HUEVO Y LECHE."],"conservation":" Conservar en lugar fresco y seco.","ean":"8410000812299"},{"full_name":"ROYAL gelatina sabor naranja 10 raciones estuche 170 g","name":"gelatina sabor naranja 10 raciones estuche 170 g","brand":"ROYAL ","img":"https://sgfm.elcorteingles.es/SGFM/dctm/MEDIA02/CONTENIDOS/201601/11/00120606500120____2__600x600.jpg","price":"2,02 €","price_unit":"(11,88 € / Kilo)","categories":["Supermercado","Desayunos Dulces y pan","Desayunos, dulces y pan","Repostería para preparar","Gelatinas","ROYAL gelatina sabor naranja 10 raciones estuche 170 g"],"general_information":["Denominación del alimento: Preparado en polvo para hacer gelatina con sabor a naranja.","País de origen: España","Nombre del operador: Mondelez España Commercial, S.L.","Dirección del operador: C/Eucalipto, 25  - 28016 Madrid,  España","Cantidad Neta: 170 g"],"ingredients":[" INGREDIENTES: Azúcar, gelatina (11%), correctores de acidez (ácido fumárico, citrato trisódico), aromas, colorantes (E-100, E-120), vitamina C. PUEDE CONTENER TRIGO, HUEVO Y LECHE."],"conservation":" Conservar en lugar fresco y seco.","ean":"8410000812275"},{"full_name":"ROYAL gelatina sabor limón 10 raciones estuche 170 g","name":"gelatina sabor limón 10 raciones estuche 170 g","brand":"ROYAL ","img":"https://sgfm.elcorteingles.es/SGFM/dctm/MEDIA02/CONTENIDOS/201601/11/00120606500112____1__600x600.jpg","price":"2,02 €","price_unit":"(11,88 € / Kilo)","categories":["Supermercado","Desayunos Dulces y pan","Desayunos, dulces y pan","Repostería para preparar","Gelatinas","ROYAL gelatina sabor limón 10 raciones estuche 170 g"],"general_information":["Denominación del alimento: Preparado en polvo para hacer gelatina con sabor a limón.","País de origen: España","Nombre del operador: Mondelez España Commercial, S.L.","Dirección del operador: C/Eucalipto, 25  - 28016 Madrid,  España","Cantidad Neta: 170 g"],"ingredients":[" Ingredientes: Azúcar, gelatina (11%), correctores de acidez (E-297, E-331), aromas, colorante (E-100), vitamina C. PUEDE CONTENER TRIGO, HUEVO Y LECHE."],"conservation":"Modo de empleo: es : .  ES: En la preparación es necesario añadir 250 ml de agua hirviendo (1/4 l) y 250 ml de agua fría. Ver instrucciones de preparación detalladas en el envase.","ean":"8410000812282"},{"full_name":"ROYAL gelatina sabor fresa 10 raciones estuche 170 g","name":"gelatina sabor fresa 10 raciones estuche 170 g","brand":"ROYAL ","img":"https://sgfm.elcorteingles.es/SGFM/dctm/MEDIA02/CONTENIDOS/201601/08/00120606500104____1__600x600.jpg","price":"2,02 €","price_unit":"(11,88 € / Kilo)","categories":["Supermercado","Desayunos Dulces y pan","Desayunos, dulces y pan","Repostería para preparar","Gelatinas","ROYAL gelatina sabor fresa 10 raciones estuche 170 g"],"general_information":["Denominación del alimento: Preparado en polvo para hacer gelatina con sabor a fresa.","País de origen: España","Nombre del operador: Mondelez España Commercial, S.L.","Dirección del operador: C/Eucalipto, 25  - 28016 Madrid,  España","Cantidad Neta: 170 g"],"ingredients":[" INGREDIENTES: Azúcar, gelatina (11%), correctores de acidez (ácido fumárico, citrato trisódico), aromas, colorantes (E-120, E-100), vitamina C. PUEDE CONTENER TRIGO, HUEVO Y LECHE."],"conservation":" Conservar en lugar fresco y seco.","ean":"8410000812268"},{"full_name":"ROYAL gelatina con sabor a limón y vitamina C caja 31 g","name":"gelatina con sabor a limón y vitamina C caja 31 g","brand":"ROYAL ","img":"https://sgfm.elcorteingles.es/SGFM/dctm/MEDIA03/201704/05/00120606500344____2__600x600.jpg","price":"2,02 €","price_unit":"(65,16 € / Kilo)","categories":["Supermercado","Desayunos Dulces y pan","Desayunos, dulces y pan","Repostería para preparar","Gelatinas","ROYAL gelatina con sabor a limón y vitamina C caja 31 g"],"general_information":["Denominación del alimento: Preparado en polvo para hacer gelatina sin azúcares con sabor a limón, con edulcorantes.","País de origen: España","Nombre del operador: Mondelez España Commercial, S.L.","Dirección del operador: C/Eucalipto, 25  - 28016 Madrid,  España","Cantidad Neta: 31 g"],"ingredients":[" Ingredientes: Gelatina (55%), edulcorantes (jarabe de maltitol, aspartamo, acesulfamo K), correctores de acidez (ácido fumárico, citrato trisódico, ácido cítrico), aromas, colorante (E-100), vitamina C, sal. Contiene una fuente de fenilalanina. PUEDE CONTENER TRIGO, HUEVO Y LECHE."],"conservation":"Modo de empleo: es : PT- Fácil e rápido:1. Dissolver o conteúdo da saqueta em 500 ml (1/2 de litro) de água a ferver. Mexa até o pó dissolver completamente.2. Junte 500 ml (1/2 de litro) de água fria e mexa.3. Deite o preparado numa forma (ou em várias) e coloque no frigorífico até ficar firme. ES- Fácil y rápido:1. Disuelva el contenido de la bolsa en 500 ml (1/2 de litro) de agua hirviendo. Remueva hasta su completa disolución.2. Añada 500 ml (1/2 de litro) de agua fría y remueva.3. Vierta el producto en el molde (o moldes) y déjelo enfriar en la nevera hasta que cuaje.","ean":"7622210369970"},{"full_name":"ROYAL gelatina sabor fresa con vitamina C caja 31 g","name":"gelatina sabor fresa con vitamina C caja 31 g","brand":"ROYAL ","img":"https://sgfm.elcorteingles.es/SGFM/dctm/MEDIA03/201704/05/00120606500336____2__600x600.jpg","price":"2,02 €","price_unit":"(65,16 € / Kilo)","categories":["Supermercado","Desayunos Dulces y pan","Desayunos, dulces y pan","Repostería para preparar","Gelatinas","ROYAL gelatina sabor fresa con vitamina C caja 31 g"],"general_information":["Denominación del alimento: Preparado en polvo para hacer gelatina sin azúcares con sabor a fresa, con edulcorantes.","País de origen: España","Nombre del operador: Mondelez España Commercial, S.L.","Dirección del operador: C/Eucalipto, 25  - 28016 Madrid,  España","Cantidad Neta: 31 g"],"ingredients":[" INGREDIENTES: Gelatina (57%), edulcorantes (jarabe de maltitol, aspartamo, acesulfamo K), correctores de acidez (ácido fumárico, citrato trisódico, ácido cítrico), aromas, colorantes (E-120, E-100), vitamina C, sal. Contiene una fuente de fenilalanina. PUEDE CONTENER TRIGO, HUEVO Y LECHE."],"conservation":"Modo de empleo: es : PT- Fácil e rápido:1. Dissolver o conteúdo da saqueta em 500 ml (1/2 de litro) de água a ferver. Mexa até o pó dissolver completamente.2. Junte 500 ml (1/2 de litro) de água fria e mexa.3. Deite o preparado numa forma (ou em várias) e coloque no frigorífico até ficar firme. ES- Fácil y rápido:1. Disuelva el contenido de la bolsa en 500 ml (1/2 de litro) de agua hirviendo. Remueva hasta su completa disolución.2. Añada 500 ml (1/2 de litro) de agua fría y remueva. 3. Vierta el producto en el molde (o moldes) y déjelo enfriar en la nevera hasta que cuaje.","ean":"7622210352217"},{"full_name":"ROYAL gelatina neutra en polvo estuche 20 g","name":"gelatina neutra en polvo estuche 20 g","brand":"ROYAL ","img":"https://sgfm.elcorteingles.es/SGFM/00/09/6/0120606500096/0120606500096000g01011.jpg","price":"1,60 €","price_unit":"(80 € / Kilo)","categories":["Supermercado","Desayunos Dulces y pan","Desayunos, dulces y pan","Repostería para preparar","Gelatinas","ROYAL gelatina neutra en polvo estuche 20 g"],"general_information":["Denominación del alimento: Gelatina neutra en polvo.","País de origen: España","Nombre del operador: Mondelez España Commercial, S.L.","Dirección del operador: C/Eucalipto, 25  - 28016 Madrid,  España","Cantidad Neta: 20 g"],"ingredients":[" PUEDE CONTENER TRIGO, HUEVO Y LECHE."],"conservation":" Conservar en lugar fresco y seco.","ean":"8410000005172"},{"full_name":"VAHINE gelatina neutra en polvo envase 18 g","name":"gelatina neutra en polvo envase 18 g","brand":"VAHINE ","img":"https://sgfm.elcorteingles.es/SGFM/00/19/5/0120606500195/0120606500195000g01011.jpg","price":"1,49 €","price_unit":"(82,78 € / Kilo)","categories":["Supermercado","Desayunos Dulces y pan","Desayunos, dulces y pan","Repostería para preparar","Gelatinas","VAHINE gelatina neutra en polvo envase 18 g"],"general_information":["Denominación del alimento: Gelatina neutra en polvo","País de origen: Alemania","Nombre del operador: McCORMICK ESPAÑA, S.A.","Dirección del operador: Av. Francesc Macià, 38 p.11 08208 Sabadell -- www.vahine.es","Cantidad Neta: 0.018 Kilogramos","Otras menciones obligatorias en la etiqueta: x3 Sugerencia de presentación Para mousses, bavarois, compotas de frutas..."],"ingredients":[" ES INGREDIENTES: Gelatina alimentaria de origen porcino. Gelatina apta para consumo humano."],"conservation":" Conservar alejado de la luz, del calor y de la humedad.","ean":"3179148906431"},{"full_name":"VAHINE gelatina alimentaria 9 hojas blister 17 g","name":"gelatina alimentaria 9 hojas blister 17 g","brand":"VAHINE ","img":"https://sgfm.elcorteingles.es/SGFM/00/08/8/0120606500088/0120606500088000g01011.jpg","price":"1,85 €","price_unit":"(108,82 € / Kilo)","categories":["Supermercado","Desayunos Dulces y pan","Desayunos, dulces y pan","Repostería para preparar","Gelatinas","VAHINE gelatina alimentaria 9 hojas blister 17 g"],"general_information":["Denominación del alimento: gelatina alimentaria en hojas","País de origen: Alemania","Nombre del operador: McCormick España, S.A.","Dirección del operador: Av. Francesc Macià, 38 p. 11\n08208 Sadabell","Cantidad Neta: 17.000 g","Otras menciones obligatorias en la etiqueta: Gelatina alimentaria en hojas de origen porcino. Gelatina apta para el consumo humano. Origen Alemania."],"ingredients":[" INGREDIENTE: Gelatina alimentaria en hojas."],"conservation":" Conservar en un lugar fresco y seco.","ean":"3179141394051"},{"full_name":"VAHINE Agar- Agar gelificante vegetal 100% natural para cremas mousses gelatinas y helados estuche 8 g","name":"Agar- Agar gelificante vegetal 100% natural para cremas mousses gelatinas y helados estuche 8 g","brand":"VAHINE ","img":"https://sgfm.elcorteingles.es/SGFM/00/71/4/0120607100714/0120607100714000g01011.jpg","price":"2,65 €","price_unit":"(331,25 € / Kilo)","categories":["Supermercado","Desayunos Dulces y pan","Desayunos, dulces y pan","Repostería para preparar","Gelatinas","VAHINE Agar- Agar gelificante vegetal 100% natural para cremas mousses gelatinas y helados estuche 8 g"],"general_information":["Denominación del alimento: Agar-agarGelifiante natural","País de origen: Alemania","Nombre del operador: ATENCIÓN AL CONSUMIDOR McCORMICK ESPAÑA, S.A.","Dirección del operador: Av. Francesc Macià, 38 p.11 08208 Sabadell -- Encuentre delicosas ideas y recetas en: www.vahine.es Encontre deliciosas receitas e ideias em: www.vahine.pt","Cantidad Neta: 8.000 g","Otras menciones obligatorias en la etiqueta: X4 Para cremas, mousses, gelatinas, helados, ... Sugerencia de presentación 100% NATURAL"],"ingredients":[" ES Ingrediente : Agar-agar."],"conservation":" Conservar alejado de la luz, del calor y de la humedad.","ean":"3179148906455"},{"full_name":"RHEINGOLD gelatina blanca en láminas estuche 6 sobres","name":"gelatina blanca en láminas estuche 6 sobres","brand":"RHEINGOLD ","img":"https://sgfm.elcorteingles.es/SGFM/00/05/4/0120606500054/0120606500054000g01011.jpg","price":"0,80 €","categories":["Supermercado","Desayunos Dulces y pan","Desayunos, dulces y pan","Repostería para preparar","Gelatinas","RHEINGOLD gelatina blanca en láminas estuche 6 sobres"],"general_information":[],"ingredients":[],"ean":"4000147002314"},{"full_name":"IGGY'S gelatina en láminas 6 unidades envase 10 g","name":"gelatina en láminas 6 unidades envase 10 g","brand":"IGGY'S ","img":"https://sgfm.elcorteingles.es/SGFM/00/03/9/0120606500039/0120606500039000g01011.jpg","price":"0,97 €","categories":["Supermercado","Desayunos Dulces y pan","Desayunos, dulces y pan","Repostería para preparar","Gelatinas","IGGY'S gelatina en láminas 6 unidades envase 10 g"],"general_information":["Denominación del alimento: Gelatina neutra en láminas pack 10","Nombre del operador: Comercial Masoliver S.A.","Dirección del operador: Calle Puntia, 18 - 17857 Begudà (Girona) España","Lugar de procedencia del alimento: 276 - Alemania","Cantidad Neta: 30 g"],"ingredients":[" 100% gelatina de origen porcino"],"conservation":" Conservese en lugar fresco y seco","ean":"8414771851600"},{"full_name":"DR. OETKER gelatina en láminas 12 unidades sobre 20 g","name":"gelatina en láminas 12 unidades sobre 20 g","brand":"DR. OETKER ","img":"https://sgfm.elcorteingles.es/SGFM/dctm/MEDIA03/201712/26/00120606500229____2__600x600.jpg","price":"1,82 €            ","price_unit":"(89 € / Kilo)","categories":["Supermercado","Desayunos Dulces y pan","Desayunos, dulces y pan","Repostería para preparar","Gelatinas","DR. OETKER gelatina en láminas 12 unidades sobre 20 g"],"general_information":["Denominación del alimento: Gelatina alimentaria en láminas","Nombre del operador: Dr. Oetker Ibérica S.A.","Dirección del operador: Avda. Diagonal 601, 3ª - 08028","Cantidad Neta: 20 g","Otras menciones obligatorias en la etiqueta: Tipo A - orígen porcino. Poder gelificante medio: 240° bloom"],"ingredients":[],"conservation":" Conservar en lugar fresco y seco","ean":"4047008000805"},{"full_name":"ALIADA sirope de caramelo líquido botella 300 g","name":"sirope de caramelo líquido botella 300 g","brand":"ALIADA ","img":"https://sgfm.elcorteingles.es/SGFM/dctm/MEDIA02/CONTENIDOS/201411/14/00120607102504____1__600x600.jpg","price":"1,45 €","price_unit":"(4,83 € / Kilo)","categories":["Supermercado","Desayunos Dulces y pan","Desayunos, dulces y pan","Repostería para preparar","Siropes y caramelo","ALIADA sirope de caramelo líquido botella 300 g"],"general_information":["Denominación del alimento: Caramelo líquido","Nombre del operador: Elaborado para El Corte Inglés\npor  I.G.H. Flavours & Technology, S.A.\nAvda. Principe, 78\n30820 Alcantarilla (Murcia) (ESPAÑA)","Cantidad Neta: 300 g","Número de raciones por envase: 30.0"],"ingredients":[" Ingredientes: Azúcar, jarabe de glucosa, agua, color caramelo (E-150a), acidulante (E-330) y conservador."],"conservation":" Conservar en lugar fresco, seco y oscuro","ean":"8433329071192"},{"full_name":"ALIADA sirope sabor chocolate botella 300 g","name":"sirope sabor chocolate botella 300 g","brand":"ALIADA ","img":"https://sgfm.elcorteingles.es/SGFM/dctm/MEDIA02/CONTENIDOS/201411/14/00120607102488____1__600x600.jpg","price":"1,45 €","price_unit":"(4,83 € / Kilo)","categories":["Supermercado","Desayunos Dulces y pan","Desayunos, dulces y pan","Repostería para preparar","Siropes y caramelo","ALIADA sirope sabor chocolate botella 300 g"],"general_information":["Denominación del alimento: Sirope sabor chocolate","Nombre del operador: Elaborado para El Corte Inglés\npor  I.G.H. Flavours & Technology, S.A.\nAvda. Principe, 78\n30820 Alcantarilla (Murcia) (ESPAÑA)","Cantidad Neta: 300 g","Número de raciones por envase: 30.0"],"ingredients":[" Ingredientes: Jarabe de Glucosa, azúcar, agua, cacao (9,0%), conservador (E-202), acidulante (E-330) y aroma."],"conservation":" Conservar en lugar fresco, seco y oscuro","ean":"8433329071208"},{"full_name":"ALIADA sirope sabor fresa botella 300 g","name":"sirope sabor fresa botella 300 g","brand":"ALIADA ","img":"https://sgfm.elcorteingles.es/SGFM/dctm/MEDIA02/CONTENIDOS/201411/14/00120607102496____1__600x600.jpg","price":"1,45 €","price_unit":"(4,83 € / Kilo)","categories":["Supermercado","Desayunos Dulces y pan","Desayunos, dulces y pan","Repostería para preparar","Siropes y caramelo","ALIADA sirope sabor fresa botella 300 g"],"general_information":["Denominación del alimento: Sirope de fresa","Nombre del operador: Elaborado para El Corte Inglés\npor  I.G.H. Flavours & Technology, S.A.\nAvda. Principe, 78\n30820 Alcantarilla (Murcia) (ESPAÑA)","Cantidad Neta: 300 g","Número de raciones por envase: 30.0"],"ingredients":[" Ingredientes: Azúcar, Jarabe de Glucosa, pulpa de fresa(14, 5%), agua, acidulante (E-330), aroma, conservador (E-202) y colorante (E-163)."],"conservation":" Conservar en lugar fresco, seco y oscuro","ean":"8433329071215"},{"full_name":"ROYAL caramelo líquido botella 400 g","name":"caramelo líquido botella 400 g","brand":"ROYAL ","img":"https://sgfm.elcorteingles.es/SGFM/dctm/MEDIA02/CONTENIDOS/201601/15/00120607100300____1__600x600.jpg","price":"2,06 €","price_unit":"(5,15 € / Kilo)","categories":["Supermercado","Desayunos Dulces y pan","Desayunos, dulces y pan","Repostería para preparar","Siropes y caramelo","ROYAL caramelo líquido botella 400 g"],"general_information":["Denominación del alimento: Jarabe de caramelo.","País de origen: España","Nombre del operador: Mondelez España Commercial, S.L.","Dirección del operador: C/Eucalipto, 25  - 28016 Madrid,  España","Cantidad Neta: 400 g"],"ingredients":[" Ingredientes: Jarabe de glucosa, azúcar, agua, conservador (E-202)."],"ean":"7622300383947"},{"full_name":"ROYAL Milka sirope de chocolate botella 300 g","name":"Milka sirope de chocolate botella 300 g","brand":"ROYAL ","img":"https://sgfm.elcorteingles.es/SGFM/dctm/MEDIA03/201705/19/00120607102777____5__600x600.jpg","price":"2,60 €","price_unit":"(8,67 € / Kilo)","categories":["Supermercado","Desayunos Dulces y pan","Desayunos, dulces y pan","Repostería para preparar","Siropes y caramelo","ROYAL Milka sirope de chocolate botella 300 g"],"general_information":["Denominación del alimento: Sirope con chocolate con leche.","País de origen: España","Nombre del operador: Mondelez España Commercial, S.L.","Dirección del operador: C/Eucalipto, 25  - 28016 Madrid,  España","Cantidad Neta: 300 g"],"ingredients":[" Ingredientes: Azúcar, agua, jarabe de glucosa, LECHE desnatada en polvo, chocolate con LECHE (5,0%) [azúcar, manteca de cacao, LECHE en polvo, pasta de cacao, emulgente (lecitina de SOJA), aroma], dextrosa, cacao magro, humectante (E-422), emulgente (lecitina de SOJA), aromas, conservador (E-202), sal. PUEDE CONTENER TRIGO."],"ean":"7622210632241"},{"full_name":"VERTMONT sirope puro arce frasco 250 g","name":"sirope puro arce frasco 250 g","brand":"VERTMONT ","img":"https://sgfm.elcorteingles.es/SGFM/00/52/4/0120607100524/0120607100524000g01011.jpg","price":"5,69 €","price_unit":"(22,76 € / Kilo)","categories":["Supermercado","Desayunos Dulces y pan","Desayunos, dulces y pan","Repostería para preparar","Siropes y caramelo","VERTMONT sirope puro arce frasco 250 g"],"general_information":["Denominación del alimento: Sirope puro de arce frasco","País de origen: Canad ","Nombre del operador: Kömerfish, S.A","Dirección del operador: C/ Andrés Mellado 13, 28015 Madrid.","Cantidad Neta: 250 g"],"ingredients":[" 100% Sirope puro de arce de Canadá"],"ean":"5708776000440"},{"full_name":"SUNNY VIA sirope de agave alto poder edulcorante bote 350 g","name":"sirope de agave alto poder edulcorante bote 350 g","brand":"SUNNY VIA ","img":"https://sgfm.elcorteingles.es/SGFM/00/70/6/0120607100706/0120607100706000g01011.jpg","price":"3,20 €","price_unit":"(9,14 € / Kilo)","categories":["Supermercado","Desayunos Dulces y pan","Desayunos, dulces y pan","Repostería para preparar","Siropes y caramelo","SUNNY VIA sirope de agave alto poder edulcorante bote 350 g"],"general_information":["Denominación del alimento: Sirope de Agabe","Nombre del operador: Tierra y oro, S.A.","Dirección del operador: C/Puerto de los leones, . 1 Majadahonda - 28220 - Madrid","Cantidad Neta: 350,0 g"],"ingredients":[],"conservation":"Modo de empleo: Se utiliza: En bebidas calientes. En yogures, sobre frutas. En la preparación de postres o platos dulces.","ean":"8428919356254"},{"full_name":"SUNNY VIA sirope de Agave 40 sticks estuche 200 g","name":"sirope de Agave 40 sticks estuche 200 g","brand":"SUNNY VIA ","img":"https://sgfm.elcorteingles.es/SGFM/00/78/9/0120607100789/0120607100789000g01011.jpg","price":"3,66 €","price_unit":"(18,30 € / Kilo)","categories":["Supermercado","Desayunos Dulces y pan","Desayunos, dulces y pan","Repostería para preparar","Siropes y caramelo","SUNNY VIA sirope de Agave 40 sticks estuche 200 g"],"general_information":["Denominación del alimento: Sirope de ágave","Nombre del operador: Tierra y Oro, S.A.","Dirección del operador: C/Puerto de los leones, . 1 Majadahonda - 28220 - Madrid","Cantidad Neta: 200,0 g","Número de raciones por envase: 40","Otras menciones obligatorias en la etiqueta: Contiene por cada 100 g. de producto: 0 g de sacarosa, 56 g de fructosa y 17 g de glucosa. Contiene por cada  dosis de 5 g : 0 g de sacarosa, 2,8 g de fructosa y 0,85 g de glucosa."],"ingredients":[" 100% sirope de Ágave."],"ean":"8428919356261"},{"full_name":"MARY LEE sirope de fresa sin colorantes envase 300 g","name":"sirope de fresa sin colorantes envase 300 g","brand":"MARY LEE ","img":"https://sgfm.elcorteingles.es/SGFM/dctm/MEDIA02/CONTENIDOS/201410/13/00120607102439____1__600x600.jpg","price":"3,15 €","price_unit":"(10,50 € / Kilo)","categories":["Supermercado","Desayunos Dulces y pan","Desayunos, dulces y pan","Repostería para preparar","Siropes y caramelo","MARY LEE sirope de fresa sin colorantes envase 300 g"],"general_information":["Denominación del alimento: Sirope de fresa","País de origen: Alemania","Nombre del operador: Alimentación Varma, S.L.","Dirección del operador: C/ La granja, 15 - Pol. Industrial Alcobendas. 28108 Alcobendas (Madrid) - España","Cantidad Neta: 300 g"],"ingredients":[" Pulpa de fresa (55%), dextrosa, azúcar, fructosa, acidulante: ácido cítrico, espesante: pectina. Puede contener avellanas."],"conservation":" Conservar en lugar fresco y seco. Antes de la apertura (15/25ºC). Después de la apertura, conservar en el frigorífico y consumir antes de 4 semanas.","ean":"8425190187065"},{"full_name":"MARY LEE sirope de chocolate sin colorantes envase 300 g","name":"sirope de chocolate sin colorantes envase 300 g","brand":"MARY LEE ","img":"https://sgfm.elcorteingles.es/SGFM/dctm/MEDIA02/CONTENIDOS/201410/13/00120607102447____1__600x600.jpg","price":"3,15 €","price_unit":"(10,50 € / Kilo)","categories":["Supermercado","Desayunos Dulces y pan","Desayunos, dulces y pan","Repostería para preparar","Siropes y caramelo","MARY LEE sirope de chocolate sin colorantes envase 300 g"],"general_information":["Denominación del alimento: Sirope sabor chocolate","País de origen: Alemania","Nombre del operador: Alimentación Varma, S.L.","Dirección del operador: C/ La granja, 15 - Pol. Industrial Alcobendas. 28108 Alcobendas (Madrid) - España","Cantidad Neta: 300 g"],"ingredients":[" Azúcar, agua, dextrosa, cacao desgrasado (6%), leche desnatada en polvo, espesante: almidón modificado de maiz, extracto de vainilla. Puede contener avellanas."],"conservation":" Conservar en lugar fresco y seco. Antes de la apertura (15/25ºC). Después de la apertura, conservar en el frigorífico y consumir antes de 4 semanas.","ean":"8425190187058"},{"full_name":"MARY LEE sirope de caramelo sin colorantes envase 300 g","name":"sirope de caramelo sin colorantes envase 300 g","brand":"MARY LEE ","img":"https://sgfm.elcorteingles.es/SGFM/dctm/MEDIA02/CONTENIDOS/201410/13/00120607102454____1__600x600.jpg","price":"3,15 €","price_unit":"(10,50 € / Kilo)","categories":["Supermercado","Desayunos Dulces y pan","Desayunos, dulces y pan","Repostería para preparar","Siropes y caramelo","MARY LEE sirope de caramelo sin colorantes envase 300 g"],"general_information":["Denominación del alimento: Sirope de caramelo","País de origen: Alemania","Nombre del operador: Alimentación Varma, S.L.","Dirección del operador: C/ La granja, 15 - Pol. Industrial Alcobendas. 28108 Alcobendas (Madrid) - España","Cantidad Neta: 300 g"],"ingredients":[" Azúcar, agua, dextrosa, espesante: almidón modificado de maíz, sirope de azúcar de caramelo (0,8%), saborizante natural, acidulante: ácido cítrico. Puede contener avellanas."],"conservation":" Conservar en lugar fresco y seco. Antes de la apertura (15/25ºC). Después de la apertura, conservar en el frigorífico y consumir antes de 4 semanas.","ean":"8425190187072"},{"full_name":"VAHINE sirope de caramelo con leche bote 300 g","name":"sirope de caramelo con leche bote 300 g","brand":"VAHINE ","img":"https://sgfm.elcorteingles.es/SGFM//02/26/4/0120607102264/0120607102264000g01011.jpg","price":"4,63 €","price_unit":"(15,43 € / Kilo)","categories":["Supermercado","Desayunos Dulces y pan","Desayunos, dulces y pan","Repostería para preparar","Siropes y caramelo","VAHINE sirope de caramelo con leche bote 300 g"],"general_information":["Denominación del alimento: sirope de caramelo con leche","País de origen: Alemania","Nombre del operador: McCormick España, S.A.","Dirección del operador: Av. Francesc Macià, 38 p. 11\n08208 Sadabell","Cantidad Neta: 0.300 Kilogramos"],"ingredients":[" INGREDIENTES: jarabe de glucosa-fructosa, agua, LECHE concentrada azucarada 15%, azúcar, aroma."],"conservation":" Retire el opérculo de protección. Una vez abierto, conservar en la nevera a +6°C max y consumir\nen los 3 meses siguientes.","ean":"3179142898381"},{"full_name":"VAHINE sirope de chocolate bote 350 g","name":"sirope de chocolate bote 350 g","brand":"VAHINE ","img":"https://sgfm.elcorteingles.es/SGFM//02/27/2/0120607102272/0120607102272000g01011.jpg","price":"4,63 €","price_unit":"(13,23 € / Kilo)","categories":["Supermercado","Desayunos Dulces y pan","Desayunos, dulces y pan","Repostería para preparar","Siropes y caramelo","VAHINE sirope de chocolate bote 350 g"],"general_information":["Denominación del alimento: sirope de chocolate","País de origen: Alemania","Nombre del operador: McCormick España, S.A.","Dirección del operador: Av. Francesc Macià, 38 p. 11\n08208 Sadabell","Cantidad Neta: 0.350 Kilogramos"],"ingredients":[" INGREDIENTES: jarabe de glucosa-fructosa, chocolate en polvo 13% (azúcar, cacao en polvo), agua, aroma."],"conservation":" Retire el opérculo de protección. Una vez abierto, conservar en la nevera a +6°C max y consumir\nen los 3 meses siguientes.","ean":"3179142898398"},{"full_name":"VAHINE sirope de chocolate con leche bote 300 g","name":"sirope de chocolate con leche bote 300 g","brand":"VAHINE ","img":"https://sgfm.elcorteingles.es/SGFM//02/28/0/0120607102280/0120607102280000g01011.jpg","price":"4,63 €","price_unit":"(15,43 € / Kilo)","categories":["Supermercado","Desayunos Dulces y pan","Desayunos, dulces y pan","Repostería para preparar","Siropes y caramelo","VAHINE sirope de chocolate con leche bote 300 g"],"general_information":["Denominación del alimento: sirope de chocolate con leche","País de origen: Portugal","Nombre del operador: McCormick España, S.A.","Dirección del operador: Av. Francesc Macià, 38 p. 11 08208 Sadabell","Cantidad Neta: 0.300 Kilogramos"],"ingredients":[" INGREDIENTES: jarabe de glucosa-fructosa, agua, chocolate con LECHE en polvo 15% (azúcar, pasta de cacao, LECHE en polvo entera, manteca de cacao, LECHE desnatada en polvo), LECHE en polvo, almidón modificado, emulgente: E471, aroma, sal."],"conservation":" Retire el opérculo de protección. Una vez abierto, conservar en la nevera a +6°C max y consumir\nen los 3 meses siguientes.","ean":"3179142898374"},{"full_name":"VAHINE sirope de fresa bote 300 g","name":"sirope de fresa bote 300 g","brand":"VAHINE ","img":"https://sgfm.elcorteingles.es/SGFM//02/29/8/0120607102298/0120607102298000g01011.jpg","price":"4,63 €","price_unit":"(15,43 € / Kilo)","categories":["Supermercado","Desayunos Dulces y pan","Desayunos, dulces y pan","Repostería para preparar","Siropes y caramelo","VAHINE sirope de fresa bote 300 g"],"general_information":["Denominación del alimento: sirope de fresa","País de origen: Alemania","Nombre del operador: McCormick España, S.A.","Dirección del operador: Av. Francesc Macià, 38 p. 11\n08208 Sadabell","Cantidad Neta: 0.300 Kilogramos"],"ingredients":[" INGREDIENTES: jarabe de glucosa-fructosa, agua, puré de fresas concentrado (6,6%), almidón modificado, correctores de acidez: acido cítrico, citrato de sodio, colorantes: carmines, caramelo natural, aroma, conservante: sorbato potásico"],"conservation":" Retire el opérculo de protección. Una vez abierto, conservar en la nevera a +6°C max y consumir\nen los 3 meses siguientes.","ean":"3179142898367"},{"full_name":"JOTIS sirope de chocolate envase 350 g","name":"sirope de chocolate envase 350 g","brand":"JOTIS ","img":"https://sgfm.elcorteingles.es/SGFM/dctm/MEDIA02/CONTENIDOS/201406/23/00120607102306____1__600x600.jpg","price":"2,08 €","price_unit":"(5,94 € / Kilo)","categories":["Supermercado","Desayunos Dulces y pan","Desayunos, dulces y pan","Repostería para preparar","Siropes y caramelo","JOTIS sirope de chocolate envase 350 g"],"general_information":["Denominación del alimento: Sirope de Chocolate","País de origen: Grecia","Nombre del operador: Kömerfish, S.A","Dirección del operador: C/ Andrés Mellado 13, 28015 Madrid.","Cantidad Neta: 350 g"],"ingredients":[" Jarabe de glucosa, azúcar, agua, cacao en polvo desnatado (10-12% grasa), copos de chocolate, pasta de cacao, mantequilla de cacao, saborizantes: vainilla, chocolate, sorbato de potasio, ácido cítrico. Puede contener frutos secos y cacahuetes, cereales con gluten, leche y derivados, huevo y sus derivados."],"ean":"5201002063900"},{"full_name":"HERSHEY'S sirope de chocolate botella 680 g","name":"sirope de chocolate botella 680 g","brand":"HERSHEY'S ","img":"https://sgfm.elcorteingles.es/SGFM/dctm/MEDIA03/201704/19/00120607102744____1__600x600.jpg","price":"5,41 €","price_unit":"(7,96 € / Kilo)","categories":["Supermercado","Desayunos Dulces y pan","Desayunos, dulces y pan","Repostería para preparar","Siropes y caramelo","HERSHEY'S sirope de chocolate botella 680 g"],"general_information":[],"ingredients":[],"ean":"0034000312177"},{"full_name":"VAHINE fondant blanco paquete 250 g","name":"fondant blanco paquete 250 g","brand":"VAHINE ","img":"https://sgfm.elcorteingles.es/SGFM/dctm/MEDIA03/201604/20/00120607101209____3__600x600.jpg","price":"3,92 €","price_unit":"(15,68 € / Kilo)","categories":["Supermercado","Desayunos Dulces y pan","Desayunos, dulces y pan","Repostería para preparar","Coberturas y Fondant","VAHINE fondant blanco paquete 250 g"],"general_information":["Denominación del alimento: pasta de azúcar","País de origen: Alemania","Nombre del operador: McCormick España, S.A.","Dirección del operador: Av. Francesc Macià, 38 p. 11 08208 Sadabell","Cantidad Neta: 0.250 Kilogramos"],"ingredients":[" INGREDIENTES: azúcar, jarabe de glucosa, grasa vegetal (palma y palmiste), agua, estabilizadores: glicerina, goma xantana, E466, emulgente: E472c, colorante: E171, aroma, conservante: sorbato potásico. Puede contener trazas de ALMENDRAS."],"conservation":" Conservar alejado de la luz, del calor y de la humedad. Una vez abierto guardar en un recipiente hermético y consumir rapidamente.","ean":"3179142898428"},{"full_name":"VAHINE Ti'Coco coco rallado sabor intenso bolsa 100 g","name":"Ti'Coco coco rallado sabor intenso bolsa 100 g","brand":"VAHINE ","img":"https://sgfm.elcorteingles.es/SGFM/00/19/3/0120607100193/0120607100193000g01011.jpg","price":"3,02 €","price_unit":"(30,20 € / Kilo)","categories":["Supermercado","Desayunos Dulces y pan","Desayunos, dulces y pan","Repostería para preparar","Coberturas y Fondant","VAHINE Ti'Coco coco rallado sabor intenso bolsa 100 g"],"general_information":["Denominación del alimento: copos de coco blandos endulzados y aromatizados","País de origen: Alemania","Nombre del operador: McCormick España, S.A.","Dirección del operador: Av. Francesc Macià, 38 p. 11\n08208 Sadabell","Cantidad Neta: 0.100 Kilogramos","Otras menciones obligatorias en la etiqueta: SIN COLORANTES NI CONSERVANTES"],"ingredients":[" INGREDIENTES: Coco desecado (80%), azúcar, agua, humectante: glicerina, aroma de coco, sal. Puede contener FRUTOS DE CÁSCARA."],"conservation":" Conservación: Una vez abierto, le aconsejamos volver a cerrar la bolsa, guardarla en un lugar fresco y seco\ny consumirla en 15 dias.","ean":"3179148901955"},{"full_name":"VAHINE chocolate de cobertura 58% de cacao paquete 125 g","name":"chocolate de cobertura 58% de cacao paquete 125 g","brand":"VAHINE ","img":"https://sgfm.elcorteingles.es/SGFM/dctm/MEDIA03/201605/06/00200207102773____1__600x600.jpg","price":"3,37 €","price_unit":"(26,96 € / Kilo)","categories":["Supermercado","Desayunos Dulces y pan","Desayunos, dulces y pan","Repostería para preparar","Coberturas y Fondant","VAHINE chocolate de cobertura 58% de cacao paquete 125 g"],"general_information":["Denominación del alimento: Discos de cobertura de chocolate negro. Cacao: 58% mínimo.","País de origen: Francia","Nombre del operador: McCormick España, S.A.","Dirección del operador: Av. Francesc Macià, 38 p. 11 08208 Sabadell","Cantidad Neta: 125 g"],"ingredients":[" Pasta de cacao, azúcar, manteca de cacao, emulgente: lecitina de soja, extracto de vainilla. Puede contener leche y frutos de cáscara"],"conservation":" El chocolate es un producto sensible a las variaciones de temperatura. Es posible que blanquee. Este cambio de color no altera el sabor y la calidad del producto. Conservar en un lugar fresco (18ºC), alejado de la luz y de la humedad.","ean":"3179142054442"},{"full_name":"VAHINE cacao en polvo 100% para repostería bote 75 g","name":"cacao en polvo 100% para repostería bote 75 g","brand":"VAHINE ","img":"https://sgfm.elcorteingles.es/SGFM/dctm/MEDIA03/201605/06/00120607102660____1__600x600.jpg","price":"3,11 €","price_unit":"(41,47 € / Kilo)","categories":["Supermercado","Desayunos Dulces y pan","Desayunos, dulces y pan","Repostería para preparar","Coberturas y Fondant","VAHINE cacao en polvo 100% para repostería bote 75 g"],"general_information":["Denominación del alimento: Cacao en polvo.","País de origen: Francia","Nombre del operador: McCormick España, S.A","Dirección del operador: McCormick España, S.A.Av. Francesc Macià, 38 p.11 08208 Sabadell. www.vahine.es","Cantidad Neta: 75.000 g"],"ingredients":[" Ingrediente : Cacao en polvo."],"conservation":" Conservar alejado del calor, de la luz y de la humedad.","ean":"3179142054459"},{"full_name":"MARY LEE cobertura de chocolate paquete 450 g","name":"cobertura de chocolate paquete 450 g","brand":"MARY LEE ","img":"https://sgfm.elcorteingles.es/SGFM/dctm/MEDIA03/201611/04/00120606700381____1__600x600.jpg","price":"5,59 €","price_unit":"(12,31 € / Kilo)","categories":["Supermercado","Desayunos Dulces y pan","Desayunos, dulces y pan","Repostería para preparar","Coberturas y Fondant","MARY LEE cobertura de chocolate paquete 450 g"],"general_information":["Denominación del alimento: Cobertura sabor chocolate","País de origen: Estados Unidos","Nombre del operador: Alimentación Varma, S.L.","Dirección del operador: C/ La granja, 15 - Pol. Industrial Alcobendas. 28108 Alcobendas (Madrid) - España","Cantidad Neta: 454 g"],"ingredients":[" 4,9% cacao, azúcar, aceite vegetal parcialmente hidrogenado (contiene una o mas de lo siguiente: aceite de soja  parcialmente hidrogenado, aceite de semilla de algodón), agua, alta fructosa de sirope de maíz, contiene 2% o menos de: emulsionantes (mono y diglicéridos con conservantes (mezcla de tocoferoles, ácido ascórbico y ácido cítrico), polisorbato 60, lecitina de soja), alimdón de aíz, sal, almdón de trigo modificado, ácido cítrico, conservantes (sorbado de potasio), dextrosa, colorantes (E-129, E-133, E-102), agar, sabores naturales y artificiales."],"conservation":" Conservar bien cerrado y en lugar seco. Una vez abierto, conservar en frigorífico hasta 2 semanas.","ean":"8425190231454"},{"full_name":"VALOR cacao puro en polvo desgrasado 0% azúcares añadidos 100% natural sin gluten bote 250 g","name":"cacao puro en polvo desgrasado 0% azúcares añadidos 100% natural sin gluten bote 250 g","brand":"VALOR ","img":"https://sgfm.elcorteingles.es/SGFM/dctm/MEDIA03/201609/02/00120646400042____2__600x600.jpg","price":"4,19 €","price_unit":"(16,76 € / Kilo)","categories":["Supermercado","Desayunos Dulces y pan","Desayunos, dulces y pan","Cafés y cacaos","Cacao en polvo","VALOR cacao puro en polvo desgrasado 0% azúcares añadidos 100% natural sin gluten bote 250 g"],"general_information":["Denominación del alimento: Cacao desgrasado en polvo","Nombre del operador: Chocolates Valor,S.A.","Dirección del operador: Av. Pianista Gonzalo Soriano, 13 - 03570 - Villajoyosa (Alicante)","Cantidad Neta: 250 g","Otras menciones obligatorias en la etiqueta: Manteca de cacao 16%. Apto para una dieta sin gluten. Producto apto para diabéticos."],"ingredients":[" Cacao desgrasado en polvo."],"conservation":" Conservar en lugar fresco y seco, alejado de olores.","ean":"8410109000658"},{"full_name":"DR. OETKER fondant de azúcar de colores caja 300 g","name":"fondant de azúcar de colores caja 300 g","brand":"DR. OETKER ","img":"https://sgfm.elcorteingles.es/SGFM/dctm/MEDIA02/CONTENIDOS/201408/19/00120607102348____2__600x600.jpg","price":"5,41 €            ","price_unit":"(17,67 € / Kilo)","categories":["Supermercado","Desayunos Dulces y pan","Desayunos, dulces y pan","Repostería para preparar","Coberturas y Fondant","DR. OETKER fondant de azúcar de colores caja 300 g"],"general_information":["Denominación del alimento: Producto de confitería de colores para decorar","Nombre del operador: Dr. Oetker Ibérica S.A.","Dirección del operador: Avda. Diagonal 601, 3ª - 08028","Cantidad Neta: 300 g"],"ingredients":[" amarillo: azúcar (80%)*, jarabe de glucosa, grasas vegetales (palmiste y palma), humectante (glicerina), espesantes (goma xantana, E-466), emulgente (monoglicéridos y diglicéridos de ácidos grasos), aroma natural, conservador (ácido sórbico), acidulante (ácido cítrico), colorantes (carotenos). azul: azúcar (80%)*, jarabe de glucosa, grasas vegetales (palmiste y palma), humectante (glicerina), espesantes (goma xantana, E-466), emulgente (monoglicéridos y diglicéridos de ácidos grasos), aroma natural, conservador (ácido sórbico), acidulante (ácido cítrico), colorantes (azul brillante FCF, ácido carmínico). rojo: azúcar (80%)*, jarabe de glucosa, grasas vegetales (palmiste y palma), humectante (glicerina), espesantes (goma xantana, E-466), emulgente (monoglicéridos y diglicéridos de ácidos grasos), aroma natural, conservador (ácido sórbico), acidulante (ácido cítrico), colorantes (ácido carmínico, luteína). *porcentajes referidos a cada color individualmente. pueden contener trazas de frutos de cáscara."],"conservation":" Conservar en lugar fresco y seco","ean":"4047008003752"},{"full_name":"DR. OETKER fondant de azúcar blanco estuche 300 g","name":"fondant de azúcar blanco estuche 300 g","brand":"DR. OETKER ","img":"https://sgfm.elcorteingles.es/SGFM/dctm/MEDIA02/CONTENIDOS/201408/21/00200207101155____1__600x600.jpg","price":"4,15 €            ","price_unit":"(13,33 € / Kilo)","categories":["Supermercado","Desayunos Dulces y pan","Desayunos, dulces y pan","Repostería para preparar","Coberturas y Fondant","DR. OETKER fondant de azúcar blanco estuche 300 g"],"general_information":["Denominación del alimento: Producto de confitería para decorar","Nombre del operador: Dr. Oetker Ibérica S.A.","Dirección del operador: Avda. Diagonal 601, 3ª - 08028","Cantidad Neta: 300 g"],"ingredients":[" azúcar (80%), jarabe de glucosa, grasas vegetales (palmiste y palma), humectante (glicerina), espesantes (goma xantana, E-466), emulgente (E-471), aroma natural, conservador (ácido sórbico), corrector de acidez (ácido cítrico). Puede contener trazas de frutos de cáscara."],"conservation":" Conservar en lugar fresco y seco","ean":"4047008002182"},{"full_name":"DR. OETKER Cobertura Dúo sabor chocolate negro y blanco envase 100 g","name":"Cobertura Dúo sabor chocolate negro y blanco envase 100 g","brand":"DR. OETKER ","img":"https://sgfm.elcorteingles.es/SGFM/01/26/6/0120607101266/0120607101266000g01011.jpg","price":"1,41 €            ","price_unit":"(13,90 € / Kilo)","categories":["Supermercado","Desayunos Dulces y pan","Desayunos, dulces y pan","Repostería para preparar","Coberturas y Fondant","DR. OETKER Cobertura Dúo sabor chocolate negro y blanco envase 100 g"],"general_information":["Denominación del alimento: Producto de confitería blanco y negro para recubrir pasteles","Nombre del operador: Dr. Oetker Ibérica S.A.","Dirección del operador: Avda. Diagonal 601, 3ª - 08028","Cantidad Neta: 100 g"],"ingredients":[" cobertura para pasteles negra (50%): azúcar, grasas vegetales (palma y karité), cacao desgrasado en polvo (10%)*, emulgente: lecitina de girasol. Cobertura para pasteles blanca (50%): azúcar, grasas vegetales (palma y karité), leche desnatada en polvo, manteca de cacao, emulgente: lecitina de girasol, aroma (vainillina). *Porcentaje expresado sobre la cobertura negra. puede contener trazas de frutos de cáscara."],"conservation":"Modo de empleo: Baño María (recomendado): Sumergir la bolsa en agua caliente, pero no hirviendo (aprox. 75°C), durante 5 min. Hasta que el preparado se funda. Sacar la bolsa del agua con un paño y amasar un par de veces para aplanar el contenido. Cortar la esquina. Distribuir sobre el pastel ya enfriado. Microondas: No exceder de 360W de potencia. Colocar la bolsa en el microondas y calentarla durante 1 minutos a 360W. El preparado está listo cuando se convierte en líquido. Si no ha sido suficiente, calentarlo durante otro minuto. ¡Precaución! El producto puede quemar.","ean":"4047008000775"},{"full_name":"VAHINE corazones de azúcar blister 8 unidades","name":"corazones de azúcar blister 8 unidades","brand":"VAHINE ","img":"https://sgfm.elcorteingles.es/SGFM//01/36/5/0120607101365/0120607101365000g01011.jpg","price":"3,33 €","price_unit":"(0,42 € / Unidad)","categories":["Supermercado","Desayunos Dulces y pan","Desayunos, dulces y pan","Repostería para preparar","Decoración y velas","VAHINE corazones de azúcar blister 8 unidades"],"general_information":["Denominación del alimento: 8 corazones de azúcar","País de origen: Alemania","Nombre del operador: McCormick España, S.A.","Dirección del operador: Av. Francesc Macià, 38 p. 11\n08208 Sadabell","Cantidad Neta: 20.000 g","Número de raciones por envase: 0","Otras menciones obligatorias en la etiqueta: SIN CONSERVANTES"],"ingredients":[" INGREDIENTES: azúcar, clara de HUEVO en polvo, agua, espesante: goma arábiga, aroma, establilizador: tartratos de potasio, extracto de cártamo, colorante: carmines."],"conservation":" Conservar alejado de la luz, del calor y de la humedad.","ean":"3179142897971"},{"full_name":"VAHINE flores de azúcar blister 8 unidades","name":"flores de azúcar blister 8 unidades","brand":"VAHINE ","img":"https://sgfm.elcorteingles.es/SGFM//01/37/3/0120607101373/0120607101373000g01011.jpg","price":"3,23 €","price_unit":"(0,40 € / Unidad)","categories":["Supermercado","Desayunos Dulces y pan","Desayunos, dulces y pan","Repostería para preparar","Decoración y velas","VAHINE flores de azúcar blister 8 unidades"],"general_information":["Denominación del alimento: 8 flores de azúcar","País de origen: Alemania","Nombre del operador: McCormick España, S.A.","Dirección del operador: Av. Francesc Macià, 38 p. 11\n08208 Sadabell","Cantidad Neta: 20.000 g","Número de raciones por envase: 0","Otras menciones obligatorias en la etiqueta: SIN CONSERVANTES"],"ingredients":[" INGREDIENTES: azúcar, clara de HUEVO en polvo, agua, espesante: goma arábiga, colorantes: carmines, azul, brillante FCF, dióxido de titanio, índigotina, extracto de cártamo, aroma, establilizador: tartratos de potasio."],"conservation":" Conservar alejado de la luz, del calor y de la humedad.","ean":"3179142897964"},{"full_name":"VAHINE rosas de azúcar blister 12 unidades","name":"rosas de azúcar blister 12 unidades","brand":"VAHINE ","img":"https://sgfm.elcorteingles.es/SGFM//01/45/6/0120607101456/0120607101456000g01011.jpg","price":"3,83 €","price_unit":"(319,17 € / Kilo)","categories":["Supermercado","Desayunos Dulces y pan","Desayunos, dulces y pan","Repostería para preparar","Decoración y velas","VAHINE rosas de azúcar blister 12 unidades"],"general_information":["Denominación del alimento: 4 rosas y 8 hojas de azúcar","País de origen: Francia","Nombre del operador: McCormick España, S.A.","Dirección del operador: Av. Francesc Macià, 38 p. 11\n08208 Sadabell","Cantidad Neta: 20.000 g","Número de raciones por envase: 0","Otras menciones obligatorias en la etiqueta: SIN CONSERVANTES"],"ingredients":[" INGREDIENTES: Azúcar, clara de HUEVO en polvo, agua, espesante: goma arábiga, aroma, estabilizador: tartratos de potasio, extrato de cártamo, colorantes: carmines, azul brillante FCF."],"conservation":" Conservar alejado de la luz, del calor y de la humedad.","ean":"3179142897988"},{"full_name":"VAHINE bolitas multicolores frasco 80 g","name":"bolitas multicolores frasco 80 g","brand":"VAHINE ","img":"https://sgfm.elcorteingles.es/SGFM/00/26/8/0120607100268/0120607100268000g01011.jpg","price":"1,53 €","price_unit":"(19,12 € / Kilo)","categories":["Supermercado","Desayunos Dulces y pan","Desayunos, dulces y pan","Repostería para preparar","Decoración y velas","VAHINE bolitas multicolores frasco 80 g"],"general_information":["Denominación del alimento: bolitas de confiteria multicolores","País de origen: Alemania","Nombre del operador: McCormick España, S.A.","Dirección del operador: Av. Francesc Macià, 38 p. 11\n08208 Sadabell","Cantidad Neta: 0.080 Kilogramos","Otras menciones obligatorias en la etiqueta: Sin conservantes"],"ingredients":[" INGREDIENTES: Azúcar, almidón de TRIGO y de maíz, jarabe de glucosa, jugo de remolacha concentrado, colorantes: antocianinas, complejos cúpricos de clorofilinas, riboflavina, grasa de coco, agente de recubrimiento: cera de abeja."],"conservation":" Conservar alejado de la luz, del calor y de la humedad.","ean":"8410219620241"},{"full_name":"VAHINE velitas de cumpleaños blister 16 unidades","name":"velitas de cumpleaños blister 16 unidades","brand":"VAHINE ","img":"https://sgfm.elcorteingles.es/SGFM/00/23/5/0120607100235/0120607100235000g01011.jpg","price":"2,01 €","price_unit":"(125,62 € / Kilo)","categories":["Supermercado","Desayunos Dulces y pan","Desayunos, dulces y pan","Repostería para preparar","Decoración y velas","VAHINE velitas de cumpleaños blister 16 unidades"],"general_information":["Denominación del alimento: Velitas cumpleaños","País de origen: China","Nombre del operador: McCormick España, S.A.","Dirección del operador: Av. Francesc Maciá, 38 p.11 08208 Sabadell"],"ingredients":[],"ean":"3179140803684"},{"full_name":"VAHINE velita musical blister 1 unidad","name":"velita musical blister 1 unidad","brand":"VAHINE ","img":"https://sgfm.elcorteingles.es/SGFM/00/87/0/0120607100870/0120607100870000g01011.jpg","price":"3,02 €","price_unit":"(3.020 € / Kilo)","categories":["Supermercado","Desayunos Dulces y pan","Desayunos, dulces y pan","Repostería para preparar","Decoración y velas","VAHINE velita musical blister 1 unidad"],"general_information":["Denominación del alimento: Velitas Musical","País de origen: Francia","Nombre del operador: McCormick España, S.A.","Dirección del operador: Av. Francesc Maciá, 38 p.11 08208 Sabadell","Cantidad Neta: 12.000 g"],"ingredients":[],"ean":"3179148453409"},{"full_name":"VAHINE velitas mágicas de cumpleaños blister 10 unidades","name":"velitas mágicas de cumpleaños blister 10 unidades","brand":"VAHINE ","img":"https://sgfm.elcorteingles.es/SGFM/00/27/6/0120607100276/0120607100276000g01011.jpg","price":"1,62 €","price_unit":"(162 € / Kilo)","categories":["Supermercado","Desayunos Dulces y pan","Desayunos, dulces y pan","Repostería para preparar","Decoración y velas","VAHINE velitas mágicas de cumpleaños blister 10 unidades"],"general_information":["Denominación del alimento: Velitas mágicas","País de origen: Francia","Nombre del operador: McCormick España, S.A.","Dirección del operador: Av. Francesc Maciá, 38 p.11 08208 Sabadell","Cantidad Neta: 14.000 g"],"ingredients":[],"ean":"3179142896509"},{"full_name":"VAHINE velita y números blister 12 unidades","name":"velita y números blister 12 unidades","brand":"VAHINE ","img":"https://sgfm.elcorteingles.es/SGFM/00/08/6/0120607100086/0120607100086000g01011.jpg","price":"2,44 €","price_unit":"(203,33 € / Kilo)","categories":["Supermercado","Desayunos Dulces y pan","Desayunos, dulces y pan","Repostería para preparar","Decoración y velas","VAHINE velita y números blister 12 unidades"],"general_information":["Denominación del alimento: Velitas & Cifras","País de origen: Francia","Nombre del operador: McCormick España, S.A","Dirección del operador: Av. Francesc Maciá, 38 p.11 08208 Sabadell","Cantidad Neta: 14 g"],"ingredients":[],"ean":"3179148782608"},{"full_name":"VAHINE velitas de diseño blister 12 unidades","name":"velitas de diseño blister 12 unidades","brand":"VAHINE ","img":"https://sgfm.elcorteingles.es/SGFM/01/22/5/0120607101225/0120607101225000g01011.jpg","price":"2,06 €","price_unit":"(171,67 € / Kilo)","categories":["Supermercado","Desayunos Dulces y pan","Desayunos, dulces y pan","Repostería para preparar","Decoración y velas","VAHINE velitas de diseño blister 12 unidades"],"general_information":["Denominación del alimento: Velitas de Diseño","País de origen: Francia","Nombre del operador: McCormick España, S.A.","Dirección del operador: Av. Francesc Maciá, 38 p.11 08208 Sabadell","Cantidad Neta: 20.000 g"],"ingredients":[],"ean":"3179148907841"},{"full_name":"VAHINE velitas Princesa blister 10 unidades","name":"velitas Princesa blister 10 unidades","brand":"VAHINE ","img":"https://sgfm.elcorteingles.es/SGFM/01/23/3/0120607101233/0120607101233000g01011.jpg","price":"2,17 €","price_unit":"(217 € / Kilo)","categories":["Supermercado","Desayunos Dulces y pan","Desayunos, dulces y pan","Repostería para preparar","Decoración y velas","VAHINE velitas Princesa blister 10 unidades"],"general_information":["Denominación del alimento: Velitas Princesa","País de origen: Francia","Nombre del operador: McCormick España, S.A.","Dirección del operador: Av. Francesc Maciá, 38 p.11 08208 Sabadell","Cantidad Neta: 22.000 g"],"ingredients":[],"ean":"3179148907834"},{"full_name":"VAHINE Toque Final corazones para decorar frasco 55 g","name":"Toque Final corazones para decorar frasco 55 g","brand":"VAHINE ","img":"https://sgfm.elcorteingles.es/SGFM/00/05/2/0120607100052/0120607100052000g01011.jpg","price":"1,83 €","price_unit":"(33,27 € / Kilo)","categories":["Supermercado","Desayunos Dulces y pan","Desayunos, dulces y pan","Repostería para preparar","Decoración y velas","VAHINE Toque Final corazones para decorar frasco 55 g"],"general_information":["Denominación del alimento: corazones de confiteria","País de origen: Alemania","Nombre del operador: McCormick España, S.A.","Dirección del operador: Av. Francesc Macià, 38 p. 11\n08208 Sadabell","Cantidad Neta: 0.055 Kilogramos","Otras menciones obligatorias en la etiqueta: Sin colorantes artificiales"],"ingredients":[" INGREDIENTES: Azúcar, harina de arroz, manteca de cacao, espesante: goma de tragacanto, colorante natural: carmines, aroma. Puede contener LECHE, SOJA y CACAHUETES."],"conservation":" Conservar alejado de la luz, del calor y de la humedad.","ean":"3179148785401"},{"full_name":"VAHINE Deco Foot decoración para postres con motivos futbolísticos blister 8 unidades","name":"Deco Foot decoración para postres con motivos futbolísticos blister 8 unidades","brand":"VAHINE ","img":"https://sgfm.elcorteingles.es/SGFM/dctm/MEDIA03/201605/06/00120607102678____1__600x600.jpg","price":"3,67 €","price_unit":"(0,46 € / Unidad)","categories":["Supermercado","Desayunos Dulces y pan","Desayunos, dulces y pan","Repostería para preparar","Decoración y velas","VAHINE Deco Foot decoración para postres con motivos futbolísticos blister 8 unidades"],"general_information":[],"ingredients":[],"ean":"3179142053728"},{"full_name":"VAHINE Deco decoración para postres con motivos de animales blister 8 unidades","name":"Deco decoración para postres con motivos de animales blister 8 unidades","brand":"VAHINE ","img":"https://sgfm.elcorteingles.es/SGFM/dctm/MEDIA03/201709/04/00120607102835____1__600x600.jpg","price":"3,55 €","price_unit":"(3,55 € / Unidad)","categories":["Supermercado","Desayunos Dulces y pan","Desayunos, dulces y pan","Repostería para preparar","Decoración y velas","VAHINE Deco decoración para postres con motivos de animales blister 8 unidades"],"general_information":[],"ingredients":[],"ean":"3179142055357"},{"full_name":"VAHINE Deco ojos de decoración para postres blister 8 unidades","name":"Deco ojos de decoración para postres blister 8 unidades","brand":"VAHINE ","img":"https://sgfm.elcorteingles.es/SGFM/dctm/MEDIA03/201709/04/00120607102843____1__600x600.jpg","price":"3,55 €","price_unit":"(3,55 € / Unidad)","categories":["Supermercado","Desayunos Dulces y pan","Desayunos, dulces y pan","Repostería para preparar","Decoración y velas","VAHINE Deco ojos de decoración para postres blister 8 unidades"],"general_information":[],"ingredients":[],"ean":"3179142055920"},{"full_name":"VAHINE Deco Smileys decoración para postres blister 8 unidades","name":"Deco Smileys decoración para postres blister 8 unidades","brand":"VAHINE ","img":"https://sgfm.elcorteingles.es/SGFM/dctm/MEDIA03/201709/04/00120607102850____1__600x600.jpg","price":"3,55 €","price_unit":"(3,55 € / Unidad)","categories":["Supermercado","Desayunos Dulces y pan","Desayunos, dulces y pan","Repostería para preparar","Decoración y velas","VAHINE Deco Smileys decoración para postres blister 8 unidades"],"general_information":[],"ingredients":[],"ean":"3179142055913"},{"full_name":"VAHINE azúcar avainillado frasco 90 g","name":"azúcar avainillado frasco 90 g","brand":"VAHINE ","img":"https://sgfm.elcorteingles.es/SGFM/00/36/7/0120607100367/0120607100367000g01011.jpg","price":"1,65 €","price_unit":"(18,33 € / Kilo)","categories":["Supermercado","Desayunos Dulces y pan","Desayunos, dulces y pan","Repostería para preparar","Decoración y velas","VAHINE azúcar avainillado frasco 90 g"],"general_information":["Denominación del alimento: AZÚCAR VAINILLADO.","País de origen: Alemania","Nombre del operador: McCormick ESPAÑA, S.A.","Dirección del operador: Av. Francesc Macià, 38 p. 11\n08208 Sadabell -- www.vahine.es","Cantidad Neta: 0.090 Kilogramos"],"ingredients":[" Ingredientes: Azúcar, aroma artificial: etilvainillina."],"conservation":" Conservar alejado de la luz, del calor y de la humedad.","ean":"8410219620401"},{"full_name":"VAHINE azúcar dorado para postres frasco 82 g","name":"azúcar dorado para postres frasco 82 g","brand":"VAHINE ","img":"https://sgfm.elcorteingles.es/SGFM/00/74/8/0120607100748/0120607100748000g01011.jpg","price":"2,22 €","price_unit":"(27,07 € / Kilo)","categories":["Supermercado","Desayunos Dulces y pan","Desayunos, dulces y pan","Repostería para preparar","Decoración y velas","VAHINE azúcar dorado para postres frasco 82 g"],"general_information":["Denominación del alimento: decoración de confitería coloreada","País de origen: Alemania","Nombre del operador: McCormick España, S.A.","Dirección del operador: Av. Francesc Macià, 38 p. 11\n08208 Sadabell","Cantidad Neta: 0.082 Kilogramos"],"ingredients":[" INGREDIENTES: Azúcar, colorantes: E171, E172, agente de recubrimiento: goma laca, aceite de coco. Puede contener SOJA, LECHE y FRUTOS DE CASCARA."],"conservation":" Conservar alejado de la luz, del calor y de la humedad.","ean":"3179148906929"},{"full_name":"VAHINE coco rallado bolsa 115 g","name":"coco rallado bolsa 115 g","brand":"VAHINE ","img":"https://sgfm.elcorteingles.es/SGFM/dctm/MEDIA03/201705/17/00120607102769____1__600x600.jpg","price":"1,96 €","price_unit":"(17,04 € / Kilo)","categories":["Supermercado","Desayunos Dulces y pan","Desayunos, dulces y pan","Repostería para preparar","Decoración y velas","VAHINE coco rallado bolsa 115 g"],"general_information":[],"ingredients":[],"ean":"3179142054886"},{"full_name":"VAHINE almendras en laminillas bolsa 125 g","name":"almendras en laminillas bolsa 125 g","brand":"VAHINE ","img":"https://sgfm.elcorteingles.es/SGFM/dctm/MEDIA03/201604/20/00120607100375____1__600x600.jpg","price":"3,18 €","price_unit":"(25,44 € / Kilo)","categories":["Supermercado","Desayunos Dulces y pan","Desayunos, dulces y pan","Repostería para preparar","Decoración y velas","VAHINE almendras en laminillas bolsa 125 g"],"general_information":["Denominación del alimento: almendras en laminilla","País de origen: Alemania","Nombre del operador: McCormick España, S.A.","Dirección del operador: Av. Francesc Macià, 38 p. 11\n08208 Sadabell","Cantidad Neta: 0.125 Kilogramos","Otras menciones obligatorias en la etiqueta: SIN COLORANTES NI CONSERVANTES"],"ingredients":[" INGREDIENTE: Almendra. Puede contener otros FRUTOS DE CÁSCARA."],"conservation":" Conservación: Una vez abierto, le aconsejamos volver a cerrar la bolsa, guardarla en un lugar fresco y\nseco y consumirla en 15 dias.","ean":"8410219670048"},{"full_name":"VAHINE almendras machacadas bolsa 125 g","name":"almendras machacadas bolsa 125 g","brand":"VAHINE ","img":"https://sgfm.elcorteingles.es/SGFM/dctm/MEDIA03/201604/20/00120607100383____1__600x600.jpg","price":"5,79 €","price_unit":"(46,32 € / Kilo)","categories":["Supermercado","Desayunos Dulces y pan","Desayunos, dulces y pan","Repostería para preparar","Decoración y velas","VAHINE almendras machacadas bolsa 125 g"],"general_information":["Denominación del alimento: almendras machacadas","País de origen: Alemania","Nombre del operador: McCormick España, S.A.","Dirección del operador: Av. Francesc Macià, 38 p. 11\n08208 Sadabell","Cantidad Neta: 0.125 Kilogramos","Otras menciones obligatorias en la etiqueta: SIN COLORANTES NI CONSERVANTES"],"ingredients":[" INGREDIENTE: ALMENDRA. Puede contener otros FRUTOS DE CÁSCARA."],"conservation":" Conservación: Una vez abierto, le aconsejamos volver a cerrar la bolsa, guardarla en un lugar fresco y\nseco y consumirla en 15 dias.","ean":"8410219670055"},{"full_name":"VAHINE crocanti de almendras especial pastelería bolsa 100 g","name":"crocanti de almendras especial pastelería bolsa 100 g","brand":"VAHINE ","img":"https://sgfm.elcorteingles.es/SGFM/dctm/MEDIA03/201604/20/00120607100771____1__600x600.jpg","price":"3,41 €","price_unit":"(34,10 € / Kilo)","categories":["Supermercado","Desayunos Dulces y pan","Desayunos, dulces y pan","Repostería para preparar","Decoración y velas","VAHINE crocanti de almendras especial pastelería bolsa 100 g"],"general_information":["Denominación del alimento: almendras machacadas tostadas y caramelizadas","País de origen: Alemania","Nombre del operador: McCormick España, S.A.","Dirección del operador: Av. Francesc Macià, 38 p. 11\n08208 Sadabell","Cantidad Neta: 0.125 Kilogramos","Otras menciones obligatorias en la etiqueta: SIN COLORANTES NI CONSERVANTES"],"ingredients":[" INGREDIENTES: azúcar, ALMENDRAS (50%). Puede contener otros FRUTOS DE CÁSCARA."],"conservation":" Conservación: Una vez abierto, le aconsejamos volver a cerrar la bolsa, guardarla en un lugar fresco y\nseco y consumirla en 15 dias.","ean":"8410219670123"},{"full_name":"VAHINE almendras molidas bolsa 125 g","name":"almendras molidas bolsa 125 g","brand":"VAHINE ","img":"https://sgfm.elcorteingles.es/SGFM/dctm/MEDIA03/201604/21/00120607100391____1__600x600.jpg","price":"3,18 €","price_unit":"(25,44 € / Kilo)","categories":["Supermercado","Desayunos Dulces y pan","Desayunos, dulces y pan","Repostería para preparar","Decoración y velas","VAHINE almendras molidas bolsa 125 g"],"general_information":["Denominación del alimento: almendras molidas","País de origen: Alemania","Nombre del operador: McCormick España, S.A.","Dirección del operador: Av. Francesc Macià, 38 p. 11\n08208 Sadabell","Cantidad Neta: 0.125 Kilogramos","Otras menciones obligatorias en la etiqueta: SIN COLORANTES NI CONSERVANTES"],"ingredients":[" INGREDIENTE: ALMENDRA. Puede contener AVELLANAS y otros FRUTOS DE CÁSCARA."],"conservation":" Conservación: Una vez abierto, le aconsejamos volver a cerrar la bolsa, guardarla en un lugar fresco y\nseco y consumirla en 15 dias.","ean":"8410219670062"},{"full_name":"VAHINE piñones especiales para pastelería bolsa 50 g","name":"piñones especiales para pastelería bolsa 50 g","brand":"VAHINE ","img":"https://sgfm.elcorteingles.es/SGFM/00/89/6/0120607100896/0120607100896000g01011.jpg","price":"6,35 €","price_unit":"(127 € / Kilo)","categories":["Supermercado","Desayunos Dulces y pan","Desayunos, dulces y pan","Repostería para preparar","Decoración y velas","VAHINE piñones especiales para pastelería bolsa 50 g"],"general_information":["Denominación del alimento: piñones","País de origen: Alemania","Nombre del operador: McCormick España, S.A.","Dirección del operador: Av. Francesc Macià, 38 p. 11 08208 Sadabell","Cantidad Neta: 0.050 Kilogramos","Otras menciones obligatorias en la etiqueta: SIN COLORANTES NI CONSERVANTES"],"ingredients":[" INGREDIENTES: Piñones. Puede contener CACAHUETES, SOJA y FRUTOS DE CASCARA."],"conservation":" Este producto ha sido envasado en atmósfera protectora.\nCONSERVACIÓN: Una vez abierto, le aconsejamos volver a cerrar la bolsa, guardarla en un lugar fresco y\nseco y consumirla en 15 dias.","ean":"3179140403273"},{"full_name":"VAHINE lápiz pastelero dorado blister 23 g","name":"lápiz pastelero dorado blister 23 g","brand":"VAHINE ","img":"https://sgfm.elcorteingles.es/SGFM/dctm/MEDIA03/201605/06/00120607102686____1__600x600.jpg","price":"2,95 €","price_unit":"(128,26 € / Kilo)","categories":["Supermercado","Desayunos Dulces y pan","Desayunos, dulces y pan","Repostería para preparar","Decoración y velas","VAHINE lápiz pastelero dorado blister 23 g"],"general_information":["Denominación del alimento: Preparación gelificada dorada","País de origen: Portugal","Nombre del operador: McCORMICK ESPAÑA, S.A.","Dirección del operador: McCORMICK ESPAÑA, S.A.Av.Francesc Macià, 38 p1108208 Sabadell. Síganos en: www.vahine.es","Cantidad Neta: 23.000 g"],"ingredients":[" Ingredientes : Jarabe de glucosa, azúcar, agua, almidón modificado, colorantes : E171, E172, gelificante : carragenanos, sal, conservador : sorbato potásico, acidulante : ácido cítrico, aroma (contiene leche). Puede contener soja y avellanas"],"conservation":" Una vez abierto, conservar alejado de la luz, del calor y de la humedad y consumir en 1 mes.","ean":"3179142053735"},{"full_name":"VAHINE lápiz pastelero rosa brillante blister 25 g","name":"lápiz pastelero rosa brillante blister 25 g","brand":"VAHINE ","img":"https://sgfm.elcorteingles.es/SGFM/00/29/2/0120607100292/0120607100292000g01011.jpg","price":"1,95 €","price_unit":"(78 € / Kilo)","categories":["Supermercado","Desayunos Dulces y pan","Desayunos, dulces y pan","Repostería para preparar","Decoración y velas","VAHINE lápiz pastelero rosa brillante blister 25 g"],"general_information":["Denominación del alimento: preparación gelificada azucarada con efecto brillante","País de origen: Alemania","Nombre del operador: McCormick España, S.A.","Dirección del operador: Av. Francesc Macià, 38 p. 11 08208 Sadabell","Cantidad Neta: 0.025 Kilogramos"],"ingredients":[" INGREDIENTES: Jarabe de glucosa, agua, azúcar, espesante: agar-agar, colorantes: dioxido de titanio, carmines, acidulante; ácido cítrico, conservador: sorbato potásico."],"conservation":" Una vez abierto, conservar alejado de la luz y del calor y consumir antes de 1 mes.","ean":"3179140603093"},{"full_name":"VAHINE lápiz pastelero sabor a vainilla blanco blister 25 g","name":"lápiz pastelero sabor a vainilla blanco blister 25 g","brand":"VAHINE ","img":"https://sgfm.elcorteingles.es/SGFM//01/44/9/0120607101449/0120607101449000g01011.jpg","price":"3,90 €","price_unit":"(156 € / Kilo)","categories":["Supermercado","Desayunos Dulces y pan","Desayunos, dulces y pan","Repostería para preparar","Decoración y velas","VAHINE lápiz pastelero sabor a vainilla blanco blister 25 g"],"general_information":["Denominación del alimento: preparación gelificada azucarada sabor a vainilla","País de origen: Alemania","Nombre del operador: McCormick España, S.A.","Dirección del operador: Av. Francesc Macià, 38 p. 11\n08208 Sadabell","Cantidad Neta: 25.000 g","Número de raciones por envase: 0"],"ingredients":[" INGREDIENTES: jarabe de glucosa, azúcar, agua, almidón modificado, colorante: dióxido de titanio, gelificante: carragenanos, acidulante: ácido cítrico, conservante: sorbato potasico, sal, aroma (LECHE)."],"conservation":" Una vez abierto, conservar alejado del calor y de la humedad y consumir antes de 1 mes.","ean":"3179142898534"},{"full_name":"VAHINE lápiz pastelero sabor chocolate blister 23 g","name":"lápiz pastelero sabor chocolate blister 23 g","brand":"VAHINE ","img":"https://sgfm.elcorteingles.es/SGFM/00/63/1/0120607100631/0120607100631000g01011.jpg","price":"2,14 €","price_unit":"(93,04 € / Kilo)","categories":["Supermercado","Desayunos Dulces y pan","Desayunos, dulces y pan","Repostería para preparar","Decoración y velas","VAHINE lápiz pastelero sabor chocolate blister 23 g"],"general_information":["Denominación del alimento: pasta para decoración sabor chocolate y avellana","País de origen: Alemania","Nombre del operador: McCormick España, S.A.","Dirección del operador: Av. Francesc Macià, 38 p. 11\n08208 Sadabell","Cantidad Neta: 0.023 Kilogramos"],"ingredients":[" INGREDIENTES: Azúcar, aceita de palma, pasta de AVELLANAS (13,9%), suero lácteo en polvo (LECHE), cacao magro en polvo, emulgente: lecitina de SOJA, extracto de vainilla."],"conservation":" Una vez abierto, conservar alejado de la luz y del calor y consumir\nantes de 2 semanas.","ean":"3179148785609"},{"full_name":"VAHINE perlas blancas frasco 55 g","name":"perlas blancas frasco 55 g","brand":"VAHINE ","img":"https://sgfm.elcorteingles.es/SGFM//01/34/0/0120607101340/0120607101340000g01011.jpg","price":"2,86 €","price_unit":"(52 € / Kilo)","categories":["Supermercado","Desayunos Dulces y pan","Desayunos, dulces y pan","Repostería para preparar","Decoración y velas","VAHINE perlas blancas frasco 55 g"],"general_information":["Denominación del alimento: perlas de azucar marfil","País de origen: Alemania","Nombre del operador: McCormick España, S.A.","Dirección del operador: Av. Francesc Macià, 38 p. 11\n08208 Sadabell","Cantidad Neta: 0.055 Kilogramos"],"ingredients":[" INGREDIENTES: dextrosa, azúcar, ,jarabe de glucosa, harina de arroz, colorante: dióxido de titanio, agente de recubrimiento: goma laca, aroma natural, acidulante: ácido cítrico, aceite de coco, sal."],"conservation":" Conservar alejado de la luz, del calor y de la humedad.","ean":"3179142898305"},{"full_name":"VAHINE perlas plateadas frasco 50 g","name":"perlas plateadas frasco 50 g","brand":"VAHINE ","img":"https://sgfm.elcorteingles.es/SGFM//01/35/7/0120607101357/0120607101357000g01011.jpg","price":"3,93 €","price_unit":"(78,60 € / Kilo)","categories":["Supermercado","Desayunos Dulces y pan","Desayunos, dulces y pan","Repostería para preparar","Decoración y velas","VAHINE perlas plateadas frasco 50 g"],"general_information":["Denominación del alimento: perlas plateadas","País de origen: Alemania","Nombre del operador: McCormick España, S.A.","Dirección del operador: Av. Francesc Macià, 38 p. 11\n08208 Sadabell","Cantidad Neta: 0.050 Kilogramos"],"ingredients":[" INGREDIENTES: azúcar, harina de arroz, jarabe de glucosa, colorante: plata, gelatina, sal."],"conservation":" Conservar alejado de la luz, del calor y de la humedad.","ean":"3179142898299"},{"full_name":"VAHINE perlitas de chocolate bolsa 100 g","name":"perlitas de chocolate bolsa 100 g","brand":"VAHINE ","img":"https://sgfm.elcorteingles.es/SGFM/dctm/MEDIA03/201604/20/00120607100250____1__600x600.jpg","price":"1,90 €","price_unit":"(19 € / Kilo)","categories":["Supermercado","Desayunos Dulces y pan","Desayunos, dulces y pan","Repostería para preparar","Decoración y velas","VAHINE perlitas de chocolate bolsa 100 g"],"general_information":["Denominación del alimento: pepitas de chocolate negro (cacao: 50% minimo)","País de origen: Francia","Nombre del operador: McCormick España, S.A.","Dirección del operador: Av. Francesc Macià, 38 p. 11\n08208 Sadabell","Cantidad Neta: 100.000 g","Otras menciones obligatorias en la etiqueta: SIN COLORANTES NI CONSERVANTES"],"ingredients":[" INGREDIENTES: Azúcar, pasta de cacao (originaría de Costa de Marfil), manteca de cacao, cacao magro en polvo, aroma natural de vainilla, emulgente: lecitina de girasol. Puede contener LECHE y FRUTOS DE CÁSCARA."],"conservation":" CONSERVACIÓN: El chocolate es un producto sensible a las variaciones de temperatura. Es posible que\nblanquee. Este cambio de color no altera el sabor y la calidad del producto. Conservar\nen un lugar fresco (18 ° C) alejado de la luz y la humedad.","ean":"3179140923061"},{"full_name":"VAHINE Croc sabor tres chocolates frasco 90 g","name":"Croc sabor tres chocolates frasco 90 g","brand":"VAHINE ","img":"https://sgfm.elcorteingles.es/SGFM/00/64/9/0120607100649/0120607100649000g01011.jpg","price":"3,36 €","price_unit":"(37,33 € / Kilo)","categories":["Supermercado","Desayunos Dulces y pan","Desayunos, dulces y pan","Repostería para preparar","Decoración y velas","VAHINE Croc sabor tres chocolates frasco 90 g"],"general_information":["Denominación del alimento: BOLAS DE CEREALES AL CACAO.","País de origen: Alemania","Nombre del operador: McCORMICK ESPAÑA, S.A.","Dirección del operador: Av. Francesc Macià, 38 P.11 08208 Sabadell -- Descubra deliciosas recetas e ideas en : www.vahine.es","Cantidad Neta: 0.090 Kilogramos","Otras menciones obligatorias en la etiqueta: Sugerencia de presentación"],"ingredients":[" Ingredientes : azúcar, bolas de cereales (20%) (harina de arroz, harina de trigo, gluten de trigo, fibra de trigo, azúcar, malta de trigo, sal ), manteca de cacao (13,6%), cacao desgrasado en polvo (8,5%), leche en polvo, agentes de recubrimiento : goma arábiga, goma laca, aroma : vainillina."],"conservation":" Conservar alejado de la luz, del calor y de la humedad","ean":"3179148784503"},{"full_name":"VAHINE Chunks maxi pepitas de chocolate bolsa 100 g","name":"Chunks maxi pepitas de chocolate bolsa 100 g","brand":"VAHINE ","img":"https://sgfm.elcorteingles.es/SGFM/00/73/0/0120607100730/0120607100730000g01011.jpg","price":"2,60 €","price_unit":"(26 € / Kilo)","categories":["Supermercado","Desayunos Dulces y pan","Desayunos, dulces y pan","Repostería para preparar","Decoración y velas","VAHINE Chunks maxi pepitas de chocolate bolsa 100 g"],"general_information":["Denominación del alimento: pepitas de chocolate negro (cacao: 48% minimo)","País de origen: Alemania","Nombre del operador: McCormick España, S.A.","Dirección del operador: Av. Francesc Macià, 38 p. 11\n08208 Sadabell","Cantidad Neta: 0.100 Kilogramos","Otras menciones obligatorias en la etiqueta: SIN COLORANTES NI CONSERVANTES"],"ingredients":[" INGREDIENTES: Pasta de cacao, azúcar, emulgente: lecitina de SOJA, extracto de vainilla. Contiene LECHE. Puedo contener FRUTOS DE CASCARA."],"conservation":" CONSERVACIÓN: El chocolate es un producto sensible a las variaciones de temperatura. Es posible que blanquee. Este cambio de color no altera el sabor y calidad del producto. Conservar en un lugar fresco (18° C) alejado de la luz y la humedad.","ean":"3179148906097"},{"full_name":"VAHINE Chunks pepitas tres chocolates envase 100 g","name":"Chunks pepitas tres chocolates envase 100 g","brand":"VAHINE ","img":"https://sgfm.elcorteingles.es/SGFM/dctm/MEDIA02/CONTENIDOS/201407/02/00120607102231____1__600x600.jpg","price":"3,38 €","price_unit":"(33,80 € / Kilo)","categories":["Supermercado","Desayunos Dulces y pan","Desayunos, dulces y pan","Repostería para preparar","Decoración y velas","VAHINE Chunks pepitas tres chocolates envase 100 g"],"general_information":["Denominación del alimento: PEPITAS 3 CHOCOS","País de origen: Alemania","Cantidad Neta: 100.000 g"],"ingredients":[],"ean":"3179142052547"},{"full_name":"VAHINE pepitas de chocolate belga blanco blister 100 g","name":"pepitas de chocolate belga blanco blister 100 g","brand":"VAHINE ","img":"https://sgfm.elcorteingles.es/SGFM/dctm/MEDIA03/201606/01/00200207102765____2__600x600.jpg","price":"2,88 €","price_unit":"(28,80 € / Kilo)","categories":["Supermercado","Desayunos Dulces y pan","Desayunos, dulces y pan","Repostería para preparar","Decoración y velas","VAHINE pepitas de chocolate belga blanco blister 100 g"],"general_information":["Denominación del alimento: PEPITAS DE CHOCOLATE BLANCO BELGA.","País de origen: Francia","Nombre del operador: McCormick España, S.A.","Dirección del operador: McCormick España, S.A.Av. Francesc Macià, 38 p.11 08208 Sabadell. www.vahine.es","Cantidad Neta: 100.000 g"],"ingredients":[" Ingredientes: Azúcar, manteca de cacao, leche entera en polvo, suero en polvo (leche), lactosa (leche), emulgente: lecitina de soja, extracto de vainilla."],"conservation":" Conservar en un lugar fresco (18°C) alejado de la luz y de la humedad.","ean":"3179142054466"},{"full_name":"VAHINE pepitas de chocolate con leche envase 100 g","name":"pepitas de chocolate con leche envase 100 g","brand":"VAHINE ","img":"https://sgfm.elcorteingles.es/SGFM/dctm/MEDIA02/CONTENIDOS/201407/02/00120607102249____1__600x600.jpg","price":"3,36 €","price_unit":"(33,60 € / Kilo)","categories":["Supermercado","Desayunos Dulces y pan","Desayunos, dulces y pan","Repostería para preparar","Decoración y velas","VAHINE pepitas de chocolate con leche envase 100 g"],"general_information":["Denominación del alimento: Pepitas de Chocolate con leche","País de origen: Alemania","Nombre del operador: McCormick España, S.A.","Dirección del operador: Avda. Francesc Macià 38 pl 11 08208 Sabadell","Cantidad Neta: 100 g"],"ingredients":[],"conservation":" El Chocolate es un producto sensible a las diferencias de temperatura. Es posible que blanquee. Este cambio de color no altera para nada la calidad del producto. Conservar en un lugar fresco (aproximadamente a 18ºC), alejado de la luz y de la humedad","ean":"3179142052554"},{"full_name":"VAHINE azúcar glas rosa bote 95 g","name":"azúcar glas rosa bote 95 g","brand":"VAHINE ","img":"https://sgfm.elcorteingles.es/SGFM/dctm/MEDIA03/201709/04/00120607102785____1__600x600.jpg","price":"3,57 €","price_unit":"(37,58 € / Kilo)","categories":["Supermercado","Desayunos Dulces y pan","Desayunos, dulces y pan","Repostería para preparar","Decoración y velas","VAHINE azúcar glas rosa bote 95 g"],"general_information":[],"ingredients":[],"ean":"3179142056323"},{"full_name":"VAHINE azúcar glass frasco 65 g","name":"azúcar glass frasco 65 g","brand":"VAHINE ","img":"https://sgfm.elcorteingles.es/SGFM/00/82/1/0120607100821/0120607100821000g01011.jpg","price":"1,74 €","price_unit":"(26,77 € / Kilo)","categories":["Supermercado","Desayunos Dulces y pan","Desayunos, dulces y pan","Repostería para preparar","Decoración y velas","VAHINE azúcar glass frasco 65 g"],"general_information":["Denominación del alimento: azúcar glas","País de origen: Alemania","Nombre del operador: McCormick España, S.A.","Dirección del operador: Av. Francesc Macià, 38 p. 11\n08208 Sadabell","Cantidad Neta: 0.060 Kilogramos"],"ingredients":[" INGREDIENTES: Azúcar, antiaglomerante: E551."],"conservation":" Conservar alejado de la luz, del calor y de la humedad.","ean":"8410219620036"},{"full_name":"VAHINE bolitas arco iris bote 43 g","name":"bolitas arco iris bote 43 g","brand":"VAHINE ","img":"https://sgfm.elcorteingles.es/SGFM/dctm/MEDIA03/201709/04/00120607102793____1__600x600.jpg","price":"1,84 €","price_unit":"(42,79 € / Kilo)","categories":["Supermercado","Desayunos Dulces y pan","Desayunos, dulces y pan","Repostería para preparar","Decoración y velas","VAHINE bolitas arco iris bote 43 g"],"general_information":[],"ingredients":[],"ean":"3179142056361"},{"full_name":"VAHINE bolitas azules bote 43 g","name":"bolitas azules bote 43 g","brand":"VAHINE ","img":"https://sgfm.elcorteingles.es/SGFM/dctm/MEDIA03/201709/04/00120607102801____1__600x600.jpg","price":"1,84 €","price_unit":"(42,79 € / Kilo)","categories":["Supermercado","Desayunos Dulces y pan","Desayunos, dulces y pan","Repostería para preparar","Decoración y velas","VAHINE bolitas azules bote 43 g"],"general_information":[],"ingredients":[],"ean":"3179142056347"},{"full_name":"VAHINE fideos arco iris frasco 65 g","name":"fideos arco iris frasco 65 g","brand":"VAHINE ","img":"https://sgfm.elcorteingles.es/SGFM/00/34/2/0120607100342/0120607100342000g01011.jpg","price":"1,64 €","price_unit":"(25,23 € / Kilo)","categories":["Supermercado","Desayunos Dulces y pan","Desayunos, dulces y pan","Repostería para preparar","Decoración y velas","VAHINE fideos arco iris frasco 65 g"],"general_information":["Denominación del alimento: fideos multicolores de confiteria","País de origen: Alemania","Nombre del operador: McCormick España, S.A.","Dirección del operador: Av. Francesc Macià, 38 p. 11\n08208 Sadabell","Cantidad Neta: 0.065 Kilogramos","Otras menciones obligatorias en la etiqueta: Sin conservantes"],"ingredients":[" INGREDIENTES: Azúcar, jarabe de glucosa, aceite de palma, cacao magro en polvo, colorantes: curcumina, carmines, complejos cúpricos de clorofilinas, antocianinas, jugo concentrado de remolacha, emulgente: lecitina de SOJA, antiaglomerante: talco, aroma."],"conservation":" Conservar alejado de la luz, del calor y de la humedad.","ean":"8410219620210"},{"full_name":"VAHINE fideos de chocolate negro y blanco bote 65 g","name":"fideos de chocolate negro y blanco bote 65 g","brand":"VAHINE ","img":"https://sgfm.elcorteingles.es/SGFM/dctm/MEDIA03/201709/04/00120607102819____1__600x600.jpg","price":"2,03 €","price_unit":"(31,23 € / Kilo)","categories":["Supermercado","Desayunos Dulces y pan","Desayunos, dulces y pan","Repostería para preparar","Decoración y velas","VAHINE fideos de chocolate negro y blanco bote 65 g"],"general_information":[],"ingredients":[],"ean":"3179142056330"},{"full_name":"VAHINE fideos sabor chocolate frasco 65 g","name":"fideos sabor chocolate frasco 65 g","brand":"VAHINE ","img":"https://sgfm.elcorteingles.es/SGFM/00/33/4/0120607100334/0120607100334000g01011.jpg","price":"1,56 €","price_unit":"(24 € / Kilo)","categories":["Supermercado","Desayunos Dulces y pan","Desayunos, dulces y pan","Repostería para preparar","Decoración y velas","VAHINE fideos sabor chocolate frasco 65 g"],"general_information":["Denominación del alimento: fideos sabor chocolate","País de origen: Alemania","Nombre del operador: McCormick España, S.A.","Dirección del operador: Av. Francesc Macià, 38 p. 11\n08208 Sadabell","Cantidad Neta: 0.065 Kilogramos","Otras menciones obligatorias en la etiqueta: Sin colorantes"],"ingredients":[" INGREDIENTES: Azúcar, almidón de TRIGO, cacao magro en polvo (13%), harina de TRIGO, aceite de palma, grasa de karité, emulgente: lecitina de colza, agentes de recubrimiento: goma arábiga, goma laca. Puede contener LECHE."],"conservation":" Conservar alejado de la luz, del calor y de la humedad.","ean":"8410219620159"},{"full_name":"VAHINE Dec'Or polvo plateado blister 3 g","name":"Dec'Or polvo plateado blister 3 g","brand":"VAHINE ","img":"https://sgfm.elcorteingles.es/SGFM/dctm/MEDIA03/201605/06/00200207102757____1__600x600.jpg","price":"5,80 €","price_unit":"(1.933,33 € / Kilo)","categories":["Supermercado","Desayunos Dulces y pan","Desayunos, dulces y pan","Repostería para preparar","Decoración y velas","VAHINE Dec'Or polvo plateado blister 3 g"],"general_information":["Denominación del alimento: Polvo alimentario plateado","País de origen: Portugal","Nombre del operador: McCormick España, S.A.","Dirección del operador: McCormick España, S.A.Av. Francesc Macià, 38 p.11 08208 Sabadell. www.vahine.es","Cantidad Neta: 3 g","Otras menciones obligatorias en la etiqueta: No inhalar, no ingerir tal cual."],"ingredients":[" Ingredientes: Colorantes: dióxido de titanio E171, carbón vegetal E153. Contiene sulfitos. Puede contener leche, soja y avellanas."],"conservation":" Conservar alejado de la luz, del calor y de la humedad.","ean":"3179142053742"},{"full_name":"VAHINE fideos rosas bote 35 g","name":"fideos rosas bote 35 g","brand":"VAHINE ","img":"https://sgfm.elcorteingles.es/SGFM/dctm/MEDIA03/201709/04/00120607102827____1__600x600.jpg","price":"1,84 €","price_unit":"(52,57 € / Kilo)","categories":["Supermercado","Desayunos Dulces y pan","Desayunos, dulces y pan","Repostería para preparar","Decoración y velas","VAHINE fideos rosas bote 35 g"],"general_information":[],"ingredients":[],"ean":"3179142056354"},{"full_name":"VALOR fideos de chocolate estuche 175 g","name":"fideos de chocolate estuche 175 g","brand":"VALOR ","img":"https://sgfm.elcorteingles.es/SGFM/dctm/MEDIA03/201604/20/00120607100532____2__600x600.jpg","price":"2,13 €","price_unit":"(12,17 € / Kilo)","categories":["Supermercado","Desayunos Dulces y pan","Desayunos, dulces y pan","Repostería para preparar","Decoración y velas","VALOR fideos de chocolate estuche 175 g"],"general_information":["Denominación del alimento: Chocolate","Nombre del operador: Chocolates Valor,S.A.","Dirección del operador: Av. Pianista Gonzalo Soriano, 13 - 03570 - Villajoyosa (Alicante)","Cantidad Neta: 175 g","Otras menciones obligatorias en la etiqueta: Cacao: 45% mínimo"],"ingredients":[" Azúcar, pasta de cacao, manteca de cacao, emulgente: lecitina de soja, agente de recubrimiento: E-904.  Puede contener trazas de leche, almendra y avellana."],"conservation":" Conservar en lugar fresco y seco, alejado de olores.","ean":"8410109006933"},{"full_name":"DR. OETKER letras y números de chocolate para decorar postres 82 piezas estuche 60 g","name":"letras y números de chocolate para decorar postres 82 piezas estuche 60 g","brand":"DR. OETKER ","img":"https://sgfm.elcorteingles.es/SGFM/00/66/4/0120607100664/0120607100664000g01011.jpg","price":"2,48 €            ","price_unit":"(39,83 € / Kilo)","categories":["Supermercado","Desayunos Dulces y pan","Desayunos, dulces y pan","Repostería para preparar","Decoración y velas","DR. OETKER letras y números de chocolate para decorar postres 82 piezas estuche 60 g"],"general_information":["Denominación del alimento: Letras Números de chocolate negro. .","Nombre del operador: Dr. Oetker Ibérica S.A.","Dirección del operador: Avda. Diagonal 601, 3ª - 08028","Cantidad Neta: 60 g","Otras menciones obligatorias en la etiqueta: Cacao: 56% mínimo"],"ingredients":[" pasta de cacao, azúcar, manteca de cacao, emulgente (lecitina de soja), aroma natural de vainilla. puede contener trazas de leche."],"conservation":" Conservar en lugar fresco y seco. No guardar en la nevera","ean":"4047008000362"},{"full_name":"DR. OETKER lápices pasteleros con colores y aromas naturales 3 unidades envase 59 g","name":"lápices pasteleros con colores y aromas naturales 3 unidades envase 59 g","brand":"DR. OETKER ","img":"https://sgfm.elcorteingles.es/SGFM/dctm/MEDIA03/201610/25/00120607101241____1__600x600.jpg","price":"2,86 €            ","price_unit":"(46,78 € / Kilo)","categories":["Supermercado","Desayunos Dulces y pan","Desayunos, dulces y pan","Repostería para preparar","Decoración y velas","DR. OETKER lápices pasteleros con colores y aromas naturales 3 unidades envase 59 g"],"general_information":[],"ingredients":[],"ean":"4047008006920"},{"full_name":"DR. OETKER lápices pasteleros sabor chocolate 3 unidades caja 59 g","name":"lápices pasteleros sabor chocolate 3 unidades caja 59 g","brand":"DR. OETKER ","img":"https://sgfm.elcorteingles.es/SGFM/dctm/MEDIA03/201611/04/00120607102355____3__600x600.jpg","price":"2,86 €            ","price_unit":"(46,78 € / Kilo)","categories":["Supermercado","Desayunos Dulces y pan","Desayunos, dulces y pan","Repostería para preparar","Decoración y velas","DR. OETKER lápices pasteleros sabor chocolate 3 unidades caja 59 g"],"general_information":[],"ingredients":[],"ean":"4047008006951"},{"full_name":"DR. OETKER Decomagia surtido de productos de confitería envase 78 g","name":"Decomagia surtido de productos de confitería envase 78 g","brand":"DR. OETKER ","img":"https://sgfm.elcorteingles.es/SGFM/dctm/MEDIA02/CONTENIDOS/201502/16/00120607101258____1__600x600.jpg","price":"3,69 €            ","price_unit":"(46,41 € / Kilo)","categories":["Supermercado","Desayunos Dulces y pan","Desayunos, dulces y pan","Repostería para preparar","Decoración y velas","DR. OETKER Decomagia surtido de productos de confitería envase 78 g"],"general_information":["Denominación del alimento: Decomagia rosa","Nombre del operador: Dr. Oetker Ibérica S.A.","Dirección del operador: Avda. Diagonal 601, 3ª - 08028","Cantidad Neta: 84 g"],"ingredients":[" Producto de confitería rosa brillante (25 g): azúcar, colorante (dióxido de titanio), jarabe de azúcar invertido, concentrado de boniato, rábano y manzana; manteca de palma, aceite refinado de nabina, agente de recubrimiento (goma laca). Perlas blancas y rosas (22 g): azúcar, jarabe de glucosa, colorante (dióxido de titanio), agentes de recubrimiento (goma laca, cera de abejas, blanca y amarilla), concentrado de remolacha. Fideos rosas y púrpuras (20 g): azúcar, almidón modificado, manteca de palma, jarabe de glucosa, concentrado de boniato y rábano; antiaglomerante (talco), colorante (azul brillante FCF). Corazones (17 g): azúcar, harina de arroz, aceite refinado de nabina parcialmente hidrogenado, espesante (goma de tragacanto), zumo de remolacha concentrado, colorante (antocianinas), aroma. Puede contener trazas de gluten."],"ean":"4047008001437"},{"full_name":"DR. OETKER Decomagia Fantasía surtido de confites y chocolates envase 78 g","name":"Decomagia Fantasía surtido de confites y chocolates envase 78 g","brand":"DR. OETKER ","img":"https://sgfm.elcorteingles.es/SGFM/00/69/8/0120607100698/0120607100698000g01011.jpg","price":"3,69 €            ","price_unit":"(46,41 € / Kilo)","categories":["Supermercado","Desayunos Dulces y pan","Desayunos, dulces y pan","Repostería para preparar","Decoración y velas","DR. OETKER Decomagia Fantasía surtido de confites y chocolates envase 78 g"],"general_information":["Denominación del alimento: Decomagia Fantasía","Nombre del operador: Dr. Oetker Ibérica S.A.","Dirección del operador: Avda. Diagonal 601, 3ª - 08028","Cantidad Neta: 78 g"],"ingredients":[" Grageas de colores (24 g): azúcar, almidón de trigo, jarabe de glucosa, colorantes (curcumina, complejos cúpricos de clorofilinas, antocianinas), concentrado de remolacha, extracto de pimentón, concentrado de rábano, limón y casis; manteca de coco, agente de recubrimiento (cera de abeja, blanca y amarilla). Copos de azúcar al cacao (21 g): azúcar, pasta de cacao (15,3%)*, cacao desgrasado en polvo (12,4%)*, jarabe de glucosa, emulgente (lecitina de girasol), antiaglomerante (talco). Fideos de colores (20 g): azúcar, almidón modificado, manteca de palma, jarabe de glucosa, concentrado de cártamo y limón; concentrado de boniato y rábano; antiaglomerante (talco), colorante (azul brillante FCF). Crispies con 3 chocolates (80% chocolate blanco, 80% chocolate, 80% chocolate con leche) (13 g): azúcar, manteca de cacao, pasta de cacao, harina de arroz, nata en polvo, harina de trigo, leche desnatada en polvo, extracto de malta de trigo, emulgente (lecitina de soja), gluten de trigo, dextrosa, sal, aroma natural de vainilla, almidón.*Porcentaje expresado sobre la fracción de copos."],"ean":"4047008003509"},{"full_name":"DR. OETKER corazones y estrellas de chocolate blanco y negro para decorar postres 72 piezas caja 37 g","name":"corazones y estrellas de chocolate blanco y negro para decorar postres 72 piezas caja 37 g","brand":"DR. OETKER ","img":"https://sgfm.elcorteingles.es/SGFM/dctm/MEDIA03/201609/02/00120607102728____1__600x600.jpg","price":"2,44 €            ","price_unit":"(63,51 € / Kilo)","categories":["Supermercado","Desayunos Dulces y pan","Desayunos, dulces y pan","Repostería para preparar","Decoración y velas","DR. OETKER corazones y estrellas de chocolate blanco y negro para decorar postres 72 piezas caja 37 g"],"general_information":[],"ingredients":[],"ean":"4047008010507"},{"full_name":"VAHINE colorantes alimentarios pack 3 unidades 6 ml","name":"colorantes alimentarios pack 3 unidades 6 ml","brand":"VAHINE ","img":"https://sgfm.elcorteingles.es/SGFM/dctm/MEDIA03/201604/20/00120607100417____1__600x600.jpg","price":"2,05 €","price_unit":"(113,89 € / Litro)","categories":["Supermercado","Desayunos Dulces y pan","Desayunos, dulces y pan","Repostería para preparar","Aromas y colorantes","VAHINE colorantes alimentarios pack 3 unidades 6 ml"],"general_information":["Denominación del alimento: preparaciones de colorantes alimentarios líquidos amarillo, rojo y azul para uso doméstico","País de origen: Alemania","Nombre del operador: McCormick España, S.A.","Dirección del operador: Av. Francesc Macià, 38 p. 11\n08208 Sadabell","Cantidad Neta: 18.000 g","Otras menciones obligatorias en la etiqueta: Puede tener efectos negativos sobre la actividad y la atención de los ninõs."],"ingredients":[" Ingrédientes: agua, colorantes (rojo: E122, amarillo: E102, azul E133), acidulante: ácido cítrico, conservador: E202."],"ean":"3179140633458"},{"full_name":"VAHINE aroma de agua de azahar frasco 200 ml","name":"aroma de agua de azahar frasco 200 ml","brand":"VAHINE ","img":"https://sgfm.elcorteingles.es/SGFM/00/31/8/0120607100318/0120607100318000g01011.jpg","price":"2,12 €","price_unit":"(10,60 € / Litro)","categories":["Supermercado","Desayunos Dulces y pan","Desayunos, dulces y pan","Repostería para preparar","Aromas y colorantes","VAHINE aroma de agua de azahar frasco 200 ml"],"general_information":["Denominación del alimento: aroma azahar","País de origen: Francia","Nombre del operador: McCormick España, S.A.","Dirección del operador: Av. Francesc Macià, 38 p. 11\n08208 Sadabell","Cantidad Neta: 200.000 g"],"ingredients":[" INGREDIENTES: agua, aromas, conservante: sorbato potásico, acidulante: ácido láctico."],"ean":"3179140203132"},{"full_name":"VAHINE aroma de vainilla líquida frasco 200 ml","name":"aroma de vainilla líquida frasco 200 ml","brand":"VAHINE ","img":"https://sgfm.elcorteingles.es/SGFM/00/32/6/0120607100326/0120607100326000g01011.jpg","price":"3,38 €","price_unit":"(16,90 € / Litro)","categories":["Supermercado","Desayunos Dulces y pan","Desayunos, dulces y pan","Repostería para preparar","Aromas y colorantes","VAHINE aroma de vainilla líquida frasco 200 ml"],"general_information":["Denominación del alimento: AROMA VAINILLA.","País de origen: Alemania","Nombre del operador: McCORMICK ESPAÑA, S.A.","Dirección del operador: Francesc Macià, 38 P.11 08208 Sabadell  -- \nwww.vahine.es","Cantidad Neta: 0.245 Kilogramos","Otras menciones obligatorias en la etiqueta: Sugerencia de presentación"],"ingredients":[" INGREDIENTES : agua, azúcar, jarabe de glucosa, aromas, propilenglicol."],"ean":"8410219640188"},{"full_name":"VAHINE aroma natural de limón blister 20 ml","name":"aroma natural de limón blister 20 ml","brand":"VAHINE ","img":"https://sgfm.elcorteingles.es/SGFM/00/48/2/0120607100482/0120607100482000g01011.jpg","price":"2,28 €","price_unit":"(114 € / Litro)","categories":["Supermercado","Desayunos Dulces y pan","Desayunos, dulces y pan","Repostería para preparar","Aromas y colorantes","VAHINE aroma natural de limón blister 20 ml"],"general_information":["Denominación del alimento: aroma natural de limón","País de origen: Francia","Nombre del operador: McCormick España, S.A.","Dirección del operador: Av. Francesc Macià, 38 p. 11\n08208 Sadabell","Cantidad Neta: 20.000 g"],"ingredients":[" INGREDIENTES: Aceite de girasol, aceites esencìales de limón."],"ean":"3179140203361"},{"full_name":"VAHINE aroma de anís blister 20 ml","name":"aroma de anís blister 20 ml","brand":"VAHINE ","img":"https://sgfm.elcorteingles.es/SGFM/00/50/8/0120607100508/0120607100508000g01011.jpg","price":"2,22 €","price_unit":"(111 € / Litro)","categories":["Supermercado","Desayunos Dulces y pan","Desayunos, dulces y pan","Repostería para preparar","Aromas y colorantes","VAHINE aroma de anís blister 20 ml"],"general_information":["Denominación del alimento: aroma natural de anís estrella","País de origen: Francia","Nombre del operador: McCormick España, S.A.","Dirección del operador: Av. Francesc Macià, 38 p. 11\n08208 Sadabell","Cantidad Neta: 0.018 Kilogramos"],"ingredients":[" INGREDIENTES: aceite de girasol, aroma natural de anís estrella."],"conservation":"Modo de empleo: DOSIFICACIÓN: 1 cucharadita (5ml) máximo para perfumar 1/2 litro de preparación. No incorporar en bebidas tales como ponche o cocktail porque el contenido de aceite de este aroma no se diluirá. No añandir el aroma en recipientes situados sobre el fuego. Aroma para productos alimenticios: no ingerir directamente, únicamente disuelto en su receta.","ean":"3179148439700"},{"full_name":"VAHINE vainilla en polvo azucarada blister 7 unidad","name":"vainilla en polvo azucarada blister 7 unidad","brand":"VAHINE ","img":"https://sgfm.elcorteingles.es/SGFM/00/42/5/0120607100425/0120607100425000g01011.jpg","price":"4,95 €","price_unit":"(707,14 € / Kilo)","categories":["Supermercado","Desayunos Dulces y pan","Desayunos, dulces y pan","Repostería para preparar","Aromas y colorantes","VAHINE vainilla en polvo azucarada blister 7 unidad"],"general_information":["Denominación del alimento: vainilla en polvo azucarada","País de origen: Francia","Nombre del operador: McCormick España, S.A.","Dirección del operador: Av. Francesc Macià, 38 p. 11\n08208 Sadabell","Cantidad Neta: 7.000 g"],"ingredients":[" INGREDIENTES: Vainas de vainilla molidas 50%, azúcar 50%."],"conservation":"Modo de empleo: DOSIFICACIÓN: de 1 a 2 cucharaditas de café para perfumar 1 / 2 litro de preparación.","ean":"3179148700602"},{"full_name":"VAHINE vainilla en vainas blister 2 unidades","name":"vainilla en vainas blister 2 unidades","brand":"VAHINE ","img":"https://sgfm.elcorteingles.es/SGFM/00/43/3/0120607100433/0120607100433000g01011.jpg","price":"8,50 €","price_unit":"(4,25 € / Unidad)","categories":["Supermercado","Desayunos Dulces y pan","Desayunos, dulces y pan","Repostería para preparar","Aromas y colorantes","VAHINE vainilla en vainas blister 2 unidades"],"general_information":["Denominación del alimento: vainilla baunilha","País de origen: Alemania","Nombre del operador: McCormick España, S.A.","Dirección del operador: Av. Francesc Macià, 38 p. 11\n08208 Sadabell","Cantidad Neta: 3.000 g"],"ingredients":[" INGREDIENTE: Vainilla baunilha."],"ean":"3179140113301"},{"full_name":"DR. OETKER aroma de vainilla envase 8,4 g","name":"aroma de vainilla envase 8,4 g","brand":"DR. OETKER ","img":"https://sgfm.elcorteingles.es/SGFM/dctm/MEDIA03/201712/26/00120607101274____1__600x600.jpg","price":"1,92 €            ","price_unit":"(217,86 € / Kilo)","categories":["Supermercado","Desayunos Dulces y pan","Desayunos, dulces y pan","Repostería para preparar","Aromas y colorantes","DR. OETKER aroma de vainilla envase 8,4 g"],"general_information":["Denominación del alimento: Aroma de Vainilla","Nombre del operador: Dr. Oetker Ibérica S.A.","Dirección del operador: Avda. Diagonal 601, 3ª - 08028","Cantidad Neta: 8 Mililitros"],"ingredients":[" aroma"],"conservation":"Modo de empleo: Para reposteríia: 6 gotas para 500 g de harina. Diluir el aroma en la masa con los otros ingredientes de la receta. Para bebidas: una gota por vaso (aprox. 250ml).","ean":"4047008000683"},{"full_name":"DR. OETKER colorantes alimentarios 4 colores en gel para masas y toppings estuche 40 g","name":"colorantes alimentarios 4 colores en gel para masas y toppings estuche 40 g","brand":"DR. OETKER ","img":"https://sgfm.elcorteingles.es/SGFM/dctm/MEDIA02/CONTENIDOS/201408/21/00200207101148____1__600x600.jpg","price":"2,65 €            ","price_unit":"(61,25 € / Kilo)","categories":["Supermercado","Desayunos Dulces y pan","Desayunos, dulces y pan","Repostería para preparar","Aromas y colorantes","DR. OETKER colorantes alimentarios 4 colores en gel para masas y toppings estuche 40 g"],"general_information":["Denominación del alimento: Colorantes alimentarios","Nombre del operador: Dr. Oetker Ibérica S.A.","Dirección del operador: Avda. Diagonal 601, 3ª - 08028","Cantidad Neta: 40 g"],"ingredients":[" jarabe de glucosa, azúcar agua, concentrados vegetales (limón, cártamo), colorantes [luteína (E-161b), curcumina (E-100), carmines (E-120), azul brillante FCF (E-133)], espesante [carragenanos (E-407)], correctores de acidez [ácido acético (E-260), ácido láctico (E-270), lactato sodico (E-325)], conservador [sorbato potásico (E-202)]."],"conservation":" Conservar en lugar fresco y seco. No guardar en la nevera. Después de la apertura, consumir dentro de los 30 días siguientes.","ean":"4047008002212"}]