[{"full_name":"BOCA CHICA ron añejo dominicano botella 70 cl","name":"ron añejo dominicano botella 70 cl","brand":"BOCA CHICA ","img":"https://sgfm.elcorteingles.es/SGFM/01/30/5/0118733301305/0118733301305000g01011.jpg","price":"9,99 €","price_unit":"(14,27 € / Litro)","categories":["Supermercado","Bebidas","Licores y Alcoholes","Ron","Ron dorado,añejo y negro","BOCA CHICA ron añejo dominicano botella 70 cl"],"general_information":["Denominación del alimento: RON DOMINICANO\nAÑEJO","Nombre del operador: Producido en República Dominicana por\nBARCELÓ EXPORT & IMPORT C.A.\n\nImportado para El Corte Inglés por\nDestilerías MG, S.L. \nMiguel Guansé S/N ? 08800 Barcelona\nEspaña\nR.E. 1128-B"],"ingredients":[],"ean":"8433329018807"},{"full_name":"BOCA CHICA ron gran añejo dominicano botella 70 cl","name":"ron gran añejo dominicano botella 70 cl","brand":"BOCA CHICA ","img":"https://sgfm.elcorteingles.es/SGFM/dctm/MEDIA02/CONTENIDOS/201411/19/00118721300459____1__600x600.jpg","price":"10,84 €","price_unit":"(15,49 € / Litro)","categories":["Supermercado","Bebidas","Licores y Alcoholes","Ron","Ron dorado,añejo y negro","BOCA CHICA ron gran añejo dominicano botella 70 cl"],"general_information":["Cantidad Neta: 70 cl"],"ingredients":[],"ean":"8411640002033"},{"full_name":"BOCA CHICA ron reserva gran selección dominicano botella 70 cl","name":"ron reserva gran selección dominicano botella 70 cl","brand":"BOCA CHICA ","img":"https://sgfm.elcorteingles.es/SGFM/00/30/1/0118721300301/0118721300301000g01011.jpg","price":"18,77 €","price_unit":"(26,81 € / Litro)","categories":["Supermercado","Bebidas","Licores y Alcoholes","Ron","Ron dorado,añejo y negro","BOCA CHICA ron reserva gran selección dominicano botella 70 cl"],"general_information":["Denominación del alimento: RON DOMINICANO\nRESERVA GRAN SELECCIÓN","País de origen: República Dominicana","Nombre del operador: Producido en República Dominicana por\nBARCELÓ EXPORT & IMPORT C.A.\n\nImportado para El Corte Inglés por\nDestilerías MG, S.L. \nMiguel Guansé S/N ? 08800 Barcelona\nEspaña\nR.E. 1128-B","Notas de cata Bebida de color pajizo, fruto de una selecta melaza de caña de zúcar  con el método de elaboración caribeño y la tradición dominicana. Sabor a caramelo dulce, con acabado de madera, agradable e intenso."],"ingredients":[],"ean":"8433329029568"},{"full_name":"LEGENDARIO ron 7 años elixir de Cuba botella 70 cl","name":"ron 7 años elixir de Cuba botella 70 cl","brand":"LEGENDARIO ","img":"https://sgfm.elcorteingles.es/SGFM/00/10/9/0118733300109/0118733300109000g01011.jpg","price":"15,02 €            ","price_unit":"(20,29 € / Litro)","categories":["Supermercado","Bebidas","Licores y Alcoholes","Ron","Ron dorado,añejo y negro","LEGENDARIO ron 7 años elixir de Cuba botella 70 cl"],"general_information":["Cantidad Neta: 70 cl"],"ingredients":[],"ean":"8437012208315"},{"full_name":"SANTA TERESA 1796 ron antiguo de solera hecho Venezuela botella 70 cl","name":"1796 ron antiguo de solera hecho Venezuela botella 70 cl","brand":"SANTA TERESA ","img":"https://sgfm.elcorteingles.es/SGFM/00/48/3/0118721300483/0118721300483000g01011.jpg","price":"45,99 €","categories":["Supermercado","Bebidas","Licores y Alcoholes","Ron","Ron dorado,añejo y negro","SANTA TERESA 1796 ron antiguo de solera hecho Venezuela botella 70 cl"],"general_information":["Denominación del alimento: RON","País de origen: Venezuela","Nombre del operador: BACARDI ESPAÑA, S.A.","Dirección del operador: CALLE DE VELÁZQUEZ, 51, 28001 MADRID","Cantidad Neta: 70 Centilitros","Porcentaje de alcohol: 40%"],"ingredients":[],"ean":"7591156404819"},{"full_name":"SANTA TERESA ron añejo Gran reserva de Venezuela botella 70 cl","name":"ron añejo Gran reserva de Venezuela botella 70 cl","brand":"SANTA TERESA ","img":"https://sgfm.elcorteingles.es/SGFM/00/53/9/0118733300539/0118733300539000g01011.jpg","price":"13,94 €            ","price_unit":"(19 € / Litro)","categories":["Supermercado","Bebidas","Licores y Alcoholes","Ron","Ron dorado,añejo y negro","SANTA TERESA ron añejo Gran reserva de Venezuela botella 70 cl"],"general_information":["Denominación del alimento: RON","País de origen: Venezuela","Nombre del operador: BACARDI ESPAÑA, S.A.","Dirección del operador: CALLE DE VELÁZQUEZ, 51, 28001 MADRID","Cantidad Neta: 70 Centilitros","Porcentaje de alcohol: 40%"],"ingredients":[],"ean":"7610113001271"},{"full_name":"ZACAPA ron Centenario Solera Nº 23 Guatemala botella 70 cl","name":"ron Centenario Solera Nº 23 Guatemala botella 70 cl","brand":"ZACAPA ","img":"https://sgfm.elcorteingles.es/SGFM/dctm/MEDIA03/201708/04/00118721300491____8__600x600.jpg","price":"49,69 €            ","price_unit":"(65,64 € / Litro)","categories":["Supermercado","Bebidas","Licores y Alcoholes","Ron","Ron dorado,añejo y negro","ZACAPA ron Centenario Solera Nº 23 Guatemala botella 70 cl"],"general_information":["Denominación del alimento: Ron","Nombre del operador: Diageo España S.A.","Dirección del operador: Av de la Victoria 32 - 28023 Madrid","Cantidad Neta: 70 Centilitros","Porcentaje de alcohol: 40%","Notas de cata Cálido y suave en nariz, con dulces toques de vainilla, miel, frutos secos, humo y cáscara de naranja. Intenso, complejo y equilibrado en boca: vainilla, chocolate negro, nuez moscada, pasas, frutos secos y roble fino, con final largo y generoso.\n?Los sabores complejos de frutas dulces y chocolate del ron Zacapa se aprecian mejor cuando de consume solo, con hielo o combinado en un cóctel."],"ingredients":[],"ean":"7401005008580"},{"full_name":"ZACAPA Edición Negra ron de Guatemala botella 70 cl","name":"Edición Negra ron de Guatemala botella 70 cl","brand":"ZACAPA ","img":"https://sgfm.elcorteingles.es/SGFM/dctm/MEDIA03/201611/17/00118721300780____7__600x600.jpg","price":"77,17 €            ","price_unit":"(97,36 € / Litro)","categories":["Supermercado","Bebidas","Licores y Alcoholes","Ron","Ron dorado,añejo y negro","ZACAPA Edición Negra ron de Guatemala botella 70 cl"],"general_information":["Denominación del alimento: Ron","Nombre del operador: Diageo España S.A.","Dirección del operador: Av de la Victoria 32 - 28023 Madrid","Cantidad Neta: 70 Centilitros","Porcentaje de alcohol: 43%"],"ingredients":[],"ean":"7401005008634"},{"full_name":"BARDINET Negrita Top Series ron añejo botella 70 cl","name":"Negrita Top Series ron añejo botella 70 cl","brand":"BARDINET ","img":"https://sgfm.elcorteingles.es/SGFM/dctm/MEDIA02/CONTENIDOS/201504/15/00200621300656____1__600x600.jpg","price":"18,77 €","price_unit":"(26,81 € / Litro)","categories":["Supermercado","Bebidas","Licores y Alcoholes","Ron","Ron dorado,añejo y negro","BARDINET Negrita Top Series ron añejo botella 70 cl"],"general_information":["Denominación del alimento: Ron","País de origen: España","Nombre del operador: BARDINET,S.A","Dirección del operador: Camí Can Valls s/n-08790 Gelida","Cantidad Neta: 70 Centilitros","Porcentaje de alcohol: 38%"],"ingredients":[],"ean":"8410490264936"},{"full_name":"BARDINET Negrita ron añejo botella 1 l","name":"Negrita ron añejo botella 1 l","brand":"BARDINET ","img":"https://sgfm.elcorteingles.es/SGFM/dctm/MEDIA02/CONTENIDOS/201503/24/00200633302120____1__600x600.jpg","price":"10,30 €            ","price_unit":"(9,90 € / Litro)","categories":["Supermercado","Bebidas","Licores y Alcoholes","Ron","Ron dorado,añejo y negro","BARDINET Negrita ron añejo botella 1 l"],"general_information":["Cantidad Neta: 1 l"],"ingredients":[],"ean":"8410490266442"},{"full_name":"BARDINET Negrita ron dorado botella 70 cl","name":"Negrita ron dorado botella 70 cl","brand":"BARDINET ","img":"https://sgfm.elcorteingles.es/SGFM/dctm/MEDIA02/CONTENIDOS/201509/17/00118733300364____1__600x600.jpg","price":"7,67 €","price_unit":"(10,96 € / Litro)","categories":["Supermercado","Bebidas","Licores y Alcoholes","Ron","Ron dorado,añejo y negro","BARDINET Negrita ron dorado botella 70 cl"],"general_information":["Cantidad Neta: 70 cl"],"ingredients":[],"ean":"8410490266640"},{"full_name":"PAMPERO Aniversario ron extra añejo reserva exclusiva hecho en Venezuela botella 70 cl","name":"Aniversario ron extra añejo reserva exclusiva hecho en Venezuela botella 70 cl","brand":"PAMPERO ","img":"https://sgfm.elcorteingles.es/SGFM/dctm/MEDIA02/CONTENIDOS/201512/04/00118721300384____1__600x600.jpg","price":"25,63 €            ","price_unit":"(31,36 € / Litro)","categories":["Supermercado","Bebidas","Licores y Alcoholes","Ron","Ron dorado,añejo y negro","PAMPERO Aniversario ron extra añejo reserva exclusiva hecho en Venezuela botella 70 cl"],"general_information":["Denominación del alimento: Ron extra añejo","País de origen: Venezuela","Nombre del operador: Casalbor, S.L.U.","Dirección del operador: Torneo Parque Empresaria, nº 2, C/ Arquitectura, Torre 11, Planta 6ª, Módulo 11 - 41015 Sevilla, España","Cantidad Neta: 70 Centilitros","Porcentaje de alcohol: 40.0%"],"ingredients":[],"ean":"8028286000325"},{"full_name":"PAMPERO ron añejo especial Venezuela botella 70 cl","name":"ron añejo especial Venezuela botella 70 cl","brand":"PAMPERO ","img":"https://sgfm.elcorteingles.es/SGFM/dctm/MEDIA02/CONTENIDOS/201508/18/00118733300067____1__600x600.jpg","price":"12,82 €            ","price_unit":"(16 € / Litro)","categories":["Supermercado","Bebidas","Licores y Alcoholes","Ron","Ron dorado,añejo y negro","PAMPERO ron añejo especial Venezuela botella 70 cl"],"general_information":["Denominación del alimento: Ron añejo","País de origen: Venezuela","Nombre del operador: Casalbor, S.L.U.","Dirección del operador: Torneo Parque Empresaria, nº 2, C/ Arquitectura, Torre 11, Planta 6ª, Módulo 11 - 41015 Sevilla, España","Cantidad Neta: 70 Centilitros","Porcentaje de alcohol: 40.0%"],"ingredients":[],"ean":"8028286000240"},{"full_name":"CAPTAIN MORGAN Spiced Gol bebida original volumen de alcóhol 35-37º botella 70 cl","name":"Spiced Gol bebida original volumen de alcóhol 35-37º botella 70 cl","brand":"CAPTAIN MORGAN ","img":"https://sgfm.elcorteingles.es/SGFM//02/21/2/0118733302212/0118733302212000g01011.jpg","price":"11,10 €","price_unit":"(15,86 € / Litro)","categories":["Supermercado","Bebidas","Licores y Alcoholes","Ron","Ron dorado,añejo y negro","CAPTAIN MORGAN Spiced Gol bebida original volumen de alcóhol 35-37º botella 70 cl"],"general_information":["Cantidad Neta: 70 cl","Notas de cata Color oscuro, con cuerpo y notas de caramelo y vainilla.\nRico y suave, aromas de caramelo y vainilla perfectamente equilibrados con el final ahumado que le aporta la barrica.\nPrepare la mezcla en una jarra con hielo, cola o ginger ale y una rodaja de lima.\nUna mezcla premium de cinco marcas de ron caribeñas, añejada en barricas de roble.\nPerfecto para disfrutar de un sabor auténtico y atrevido junto a su tripulación."],"ingredients":[],"ean":"8410695025981"},{"full_name":"CACIQUE ron añejo superior Venezuela botella 1 l","name":"ron añejo superior Venezuela botella 1 l","brand":"CACIQUE ","img":"https://sgfm.elcorteingles.es/SGFM/01/35/4/0118733301354/0118733301354000g01011.jpg","price":"16,86 €            ","price_unit":"(14,99 € / Litro)","categories":["Supermercado","Bebidas","Licores y Alcoholes","Ron","Ron dorado,añejo y negro","CACIQUE ron añejo superior Venezuela botella 1 l"],"general_information":["Denominación del alimento: Ron","Nombre del operador: Diageo España S.A.","Dirección del operador: Av de la Victoria 32 - 28023 Madrid","Cantidad Neta: 100 Centilitros","Porcentaje de alcohol: 37.5%","Notas de cata El clima del entorno selvático idóneo para elaboración del Ron, hace tenga sabor único de equilibrada personalidad."],"ingredients":[],"ean":"5000281030852"},{"full_name":"CACIQUE ron añejo superior de Venezuela botella 70 cl","name":"ron añejo superior de Venezuela botella 70 cl","brand":"CACIQUE ","img":"https://sgfm.elcorteingles.es/SGFM/00/08/3/0118733300083/0118733300083000g01011.jpg","price":"11,43 €","price_unit":"(16,33 € / Litro)","categories":["Supermercado","Bebidas","Licores y Alcoholes","Ron","Ron dorado,añejo y negro","CACIQUE ron añejo superior de Venezuela botella 70 cl"],"general_information":["Cantidad Neta: 70 cl","Notas de cata Elaborado de forma artesanal y con las mejores materias primas que la naturaleza puede dar: agua pura manantial mejor caña azúcar\nEl clima del entorno selvático idóneo para elaboración del Ron, hace tenga sabor único, equilibrado personalidad"],"ingredients":[],"ean":"0087000011052"},{"full_name":"CACIQUE 500 ron añejo botella 70 cl","name":"500 ron añejo botella 70 cl","brand":"CACIQUE ","img":"https://sgfm.elcorteingles.es/SGFM/00/32/7/0118721300327/0118721300327000g01011.jpg","price":"21,84 €            ","price_unit":"(28,36 € / Litro)","categories":["Supermercado","Bebidas","Licores y Alcoholes","Ron","Ron dorado,añejo y negro","CACIQUE 500 ron añejo botella 70 cl"],"general_information":["Denominación del alimento: Ron","Nombre del operador: Diageo España S.A.","Dirección del operador: Av de la Victoria 32 - 28023 Madrid","Cantidad Neta: 70 Centilitros","Porcentaje de alcohol: 40%","Notas de cata Intenso aroma balanceado, fruta madura que convive con toques de frutos secos, madera, vainilla y jerez añejado.\nMezcla de diferentes rones añejos procedentes de una Reserva especial."],"ingredients":[],"ean":"7591073000057"},{"full_name":"LEGENDARIO ron añejo botella 70 cl","name":"ron añejo botella 70 cl","brand":"LEGENDARIO ","img":"https://sgfm.elcorteingles.es/SGFM/00/55/4/0118733300554/0118733300554000g01011.jpg","price":"21,95 €","price_unit":"(31,36 € / Litro)","categories":["Supermercado","Bebidas","Licores y Alcoholes","Ron","Ron dorado,añejo y negro","LEGENDARIO ron añejo botella 70 cl"],"general_information":["Denominación del alimento: Ron Añejo","País de origen: Cuba","Nombre del operador: Legendario S.L.","Dirección del operador: Riu Vinalopo, 25 - 46930 Quart de Poblet (Valencia).","Cantidad Neta: 70 Centilitros","Porcentaje de alcohol: 40%"],"ingredients":[" Aguadiente añejado, alcohol y agua desmineralizada."],"ean":"8500000191033"},{"full_name":"LEGENDARIO ron dorado botella 70 cl","name":"ron dorado botella 70 cl","brand":"LEGENDARIO ","img":"https://sgfm.elcorteingles.es/SGFM/dctm/MEDIA03/201706/22/00118733301107____1__600x600.jpg","price":"12,24 €","price_unit":"(17,49 € / Litro)","categories":["Supermercado","Bebidas","Licores y Alcoholes","Ron","Ron dorado,añejo y negro","LEGENDARIO ron dorado botella 70 cl"],"general_information":["Denominación del alimento: Ron Dorado","País de origen: Cuba","Nombre del operador: Legendario S.L.","Dirección del operador: Riu Vinalopo, 25 - 46930 Quart de Poblet (Valencia).","Cantidad Neta: 70 Centilitros","Porcentaje de alcohol: 38%"],"ingredients":[" Aguadiente añejado, alcohol y agua desmineralizada."],"ean":"8500000194201"},{"full_name":"MONTERO ron Gran reserva botella 1 l","name":"ron Gran reserva botella 1 l","brand":"MONTERO ","img":"https://sgfm.elcorteingles.es/SGFM/00/36/8/0118721300368/0118721300368000g01011.jpg","price":"20,27 €","price_unit":"(20,27 € / Litro)","categories":["Supermercado","Bebidas","Licores y Alcoholes","Ron","Ron dorado,añejo y negro","MONTERO ron Gran reserva botella 1 l"],"general_information":["Denominación del alimento: Ron gran reserva","Nombre del operador: Ron Montero SL","Dirección del operador: Camino de la Vía s/n, 18600 Motril, Granada","Cantidad Neta: 1 Litros","Porcentaje de alcohol: 40%","Otras menciones obligatorias en la etiqueta: R.F. 6821-GR- R/R.S. 30-828/GR El Genuino Ron Español.   Mil años de historia de caña de azúcar en Motril y la obsesión de D. Francisco Montero por la elaboración de un ron \"perfecto\", forjaron la leyenda de Ron Montero. Desde sus inicios, en 1963, las premisas siempre han sido las mismas: el uso de aguardientes de caña de óptima calidad y el envejecimiento, sin prisa, en barricas vírgenes de roble americano mediante el sistema tradicional de soleras y criaderas El resultado: un producto excepcional para los amantes del buen ron, capaz de satisfacer a los más exigentes paladares. Envejecido con paciencia, Ron Montero Reserva muestra aromas complejos y una boca muy expresiva e intensa. No en vano, es considerado por los expertos como uno de los mejores rones añejos del mundo.      Beba con moderación. Le durará más."],"ingredients":[],"conservation":" Mantener alejado de la luz del sol y el calor","ean":"8427219000027"},{"full_name":"MONTERO ron pálido de Motril botella 1 l","name":"ron pálido de Motril botella 1 l","brand":"MONTERO ","img":"https://sgfm.elcorteingles.es/SGFM/00/42/2/0118733300422/0118733300422000g01011.jpg","price":"15,96 €","price_unit":"(15,96 € / Litro)","categories":["Supermercado","Bebidas","Licores y Alcoholes","Ron","Ron dorado,añejo y negro","MONTERO ron pálido de Motril botella 1 l"],"general_information":["Denominación del alimento: Ron pálido","Nombre del operador: Ron Montero SL","Dirección del operador: Camino de la Vía s/n, 18600 Motril, Granada","Cantidad Neta: 1 Litros","Porcentaje de alcohol: 37.5%","Otras menciones obligatorias en la etiqueta: R.F. 6821-GR- R/R.S. 30-828/GR   El Genuino Ron Español.   Mil años de historia de caña de azúcar en Motril y la obsesión de D. Francisco Montero por la elaboración de un ron \"perfecto\" forjaron la leyenda de Ron Montero. Desde sus inicios, en 1963, las premisas siempre han sido las mismas: el uso de aguardientes de caña de óptima calidad y el envejecimiento, sin prisa, en barricas vírgenes de roble americano mediante el sistema tradicional de soleras y criaderas. Convertido en un símbolo emblemático de Granada, Ron Pálido Montero tiene un sabor agradable y seco. Muestra los aromas del genuino ron español: caña de azúcar y roble americano.   Beba con moderación, le durará más."],"ingredients":[],"conservation":" Mantener alejado de la luz del sol y el calor","ean":"8427219000010"},{"full_name":"AGUERE ron miel vintage botella 70 cl","name":"ron miel vintage botella 70 cl","brand":"AGUERE ","img":"https://sgfm.elcorteingles.es/SGFM/02/07/1/0118733302071/0118733302071000g01011.jpg","price":"8,45 €","price_unit":"(12,07 € / Litro)","categories":["Supermercado","Bebidas","Licores y Alcoholes","Ron","Ron dorado,añejo y negro","AGUERE ron miel vintage botella 70 cl"],"general_information":["Denominación del alimento: Ron Miel","Nombre del operador: Destilería San Bartolome de Tejina, S.A.","Dirección del operador: C/Palenzuela, 2 - 38260 Tejina (Tenerife)","Cantidad Neta: 70 Centilitros","Porcentaje de alcohol: 37.5%","Otras menciones obligatorias en la etiqueta: Siguiendo la tradición secular canaria, de combinar ron y miel, elaboramos nuestro Ronmiel Aguere Vintage, con una esmerada selección de de mieles y aguardientes de caña, envejecidos pacientemente en nuestra bodega."],"ingredients":[" Aguardiente de caña, destilados de caña, agua, azúcar, colorante caramelo y miel."],"conservation":" Lugar seco y fresco. Evitar la incidencia directa de fuentes de calor que pudieran afectar a la calidad organoléptica del producto.","ean":"8413530012054"},{"full_name":"BARCELO ron imperial dominicano botella 70 cl","name":"ron imperial dominicano botella 70 cl","brand":"BARCELO ","img":"https://sgfm.elcorteingles.es/SGFM/dctm/MEDIA02/CONTENIDOS/201503/17/00118721300400____1__600x600.jpg","price":"39,90 €","price_unit":"(57 € / Litro)","categories":["Supermercado","Bebidas","Licores y Alcoholes","Ron","Ron dorado,añejo y negro","BARCELO ron imperial dominicano botella 70 cl"],"general_information":["Denominación del alimento: Ron Dominicano","País de origen: República Dominicana","Nombre del operador: Import. Export. Varma S.A.","Dirección del operador: C/ La granja, 15 - Pol. Industrial Alcobendas. 28108 Alcobendas (Madrid) - España","Cantidad Neta: 700,0 Mililitros","Porcentaje de alcohol: 38,0%"],"ingredients":[" Agua, alcohol y caramelo."],"ean":"7461323129459"},{"full_name":"BARCELO ron añejo dominicano botella 1 l","name":"ron añejo dominicano botella 1 l","brand":"BARCELO ","img":"https://sgfm.elcorteingles.es/SGFM/dctm/MEDIA03/201612/28/00118733302030____2__600x600.jpg","price":"17,38 €            ","price_unit":"(16,95 € / Litro)","categories":["Supermercado","Bebidas","Licores y Alcoholes","Ron","Ron dorado,añejo y negro","BARCELO ron añejo dominicano botella 1 l"],"general_information":["Denominación del alimento: Ron Dominicano","País de origen: República Dominicana","Nombre del operador: Import. Export. Varma S.A.","Dirección del operador: C/ La granja, 15 - Pol. Industrial Alcobendas. 28108 Alcobendas (Madrid) - España","Cantidad Neta: 1,0 Litros","Porcentaje de alcohol: 37,5%"],"ingredients":[" Agua, alcohol y caramelo."],"ean":"7461323129497"},{"full_name":"BARCELO ron añejo dominicano botella 70 cl","name":"ron añejo dominicano botella 70 cl","brand":"BARCELO ","img":"https://sgfm.elcorteingles.es/SGFM/dctm/MEDIA03/201612/28/00118733300299____2__600x600.jpg","price":"13,69 €","price_unit":"(19,56 € / Litro)","categories":["Supermercado","Bebidas","Licores y Alcoholes","Ron","Ron dorado,añejo y negro","BARCELO ron añejo dominicano botella 70 cl"],"general_information":["Denominación del alimento: Ron Dominicano","País de origen: República Dominicana","Nombre del operador: Import. Export. Varma S.A.","Dirección del operador: C/ La granja, 15 - Pol. Industrial Alcobendas. 28108 Alcobendas (Madrid) - España","Cantidad Neta: 700 Mililitros","Porcentaje de alcohol: 37.5%"],"ingredients":[" Agua, alcohol y caramelo."],"ean":"7461323129237"},{"full_name":"BARCELO Signio ron dominicado botella 70 cl","name":"Signio ron dominicado botella 70 cl","brand":"BARCELO ","img":"https://sgfm.elcorteingles.es/SGFM/dctm/MEDIA03/201711/06/00118721300855____1__600x600.jpg","price":"22,85 €","categories":["Supermercado","Bebidas","Licores y Alcoholes","Ron","Ron dorado,añejo y negro","BARCELO Signio ron dominicado botella 70 cl"],"general_information":["Cantidad Neta: 70 cl"],"ingredients":[],"ean":"8414322132011"},{"full_name":"AMAZONA ron dorado botella 70 cl","name":"ron dorado botella 70 cl","brand":"AMAZONA ","img":"https://sgfm.elcorteingles.es/SGFM/00/28/1/0118733300281/0118733300281000g01011.jpg","price":"14,29 €","price_unit":"(20,41 € / Litro)","categories":["Supermercado","Bebidas","Licores y Alcoholes","Ron","Ron dorado,añejo y negro","AMAZONA ron dorado botella 70 cl"],"general_information":["Denominación del alimento: Ron dulce oscuro","Nombre del operador: Licoristas Reunidos Mallorquines S.L.","Dirección del operador: Licorers, 12 - 07141 Marratxi","Cantidad Neta: 70 Centilitros","Porcentaje de alcohol: 53%"],"ingredients":[" Alcohol caña, azúcar, caramelo"],"ean":"8412397001041"},{"full_name":"BRUGAL ron extra viejo dominicano botella 70 cl","name":"ron extra viejo dominicano botella 70 cl","brand":"BRUGAL ","img":"https://sgfm.elcorteingles.es/SGFM/dctm/MEDIA03/201703/27/00118721300335____11__600x600.jpg","price":"16,70 €            ","price_unit":"(23,07 € / Litro)","categories":["Supermercado","Bebidas","Licores y Alcoholes","Ron","Ron dorado,añejo y negro","BRUGAL ron extra viejo dominicano botella 70 cl"],"general_information":["Cantidad Neta: 70 cl"],"ingredients":[],"ean":"8410854007452"},{"full_name":"BRUGAL ron añejo dominicano botella 1,75 l","name":"ron añejo dominicano botella 1,75 l","brand":"BRUGAL ","img":"https://sgfm.elcorteingles.es/SGFM/02/14/7/0118733302147/0118733302147000g01011.jpg","price":"26,92 €            ","price_unit":"(11,63 € / Litro)","categories":["Supermercado","Bebidas","Licores y Alcoholes","Ron","Ron dorado,añejo y negro","BRUGAL ron añejo dominicano botella 1,75 l"],"general_information":["Denominación del alimento: Ron Añejo","País de origen: República Dominicana","Nombre del operador: Maxxium España, S.L","Dirección del operador: C/ Mahonia, 2 - 28043 Madrid","Cantidad Neta: 175,0 Centilitros","Porcentaje de alcohol: 38,0%"],"ingredients":[],"ean":"7460855253847"},{"full_name":"BRUGAL ron añejo superior dominicano botella 1 l","name":"ron añejo superior dominicano botella 1 l","brand":"BRUGAL ","img":"https://sgfm.elcorteingles.es/SGFM/dctm/MEDIA03/201711/29/00118733301602____6__600x600.jpg","price":"17,15 €            ","price_unit":"(15,95 € / Litro)","categories":["Supermercado","Bebidas","Licores y Alcoholes","Ron","Ron dorado,añejo y negro","BRUGAL ron añejo superior dominicano botella 1 l"],"general_information":["Cantidad Neta: 1 l"],"ingredients":[],"ean":"8410854007469"},{"full_name":"BRUGAL ron añejo superior dominicano botella 70 cl","name":"ron añejo superior dominicano botella 70 cl","brand":"BRUGAL ","img":"https://sgfm.elcorteingles.es/SGFM/dctm/MEDIA03/201703/27/00118733300273____1__600x600.jpg","price":"13,35 €","price_unit":"(19,07 € / Litro)","categories":["Supermercado","Bebidas","Licores y Alcoholes","Ron","Ron dorado,añejo y negro","BRUGAL ron añejo superior dominicano botella 70 cl"],"general_information":["Denominación del alimento: Ron Añejo","País de origen: República Dominicana","Nombre del operador: Maxxium España, S.L","Dirección del operador: C/ Mahonia, 2 - 28043 Madrid","Cantidad Neta: 70 Centilitros","Porcentaje de alcohol: 38.0%"],"ingredients":[],"ean":"7460855200353"},{"full_name":"PUJOL ron dorado botella 1 l","name":"ron dorado botella 1 l","brand":"PUJOL ","img":"https://sgfm.elcorteingles.es/SGFM/00/31/5/0118733300315/0118733300315000g01011.jpg","price":"13,10 €","price_unit":"(13,10 € / Litro)","categories":["Supermercado","Bebidas","Licores y Alcoholes","Ron","Ron dorado,añejo y negro","PUJOL ron dorado botella 1 l"],"general_information":["Denominación del alimento: Ron","País de origen: España","Nombre del operador: BARDINET,S.A.","Dirección del operador: Camí Can Valls s/n- 08790 Gelida","Cantidad Neta: 100,0 Centilitros","Porcentaje de alcohol: 40,0%"],"ingredients":[],"ean":"8412019224100"},{"full_name":"MEDELLIN ron añejo 3 años Colombia botella 70 cl","name":"ron añejo 3 años Colombia botella 70 cl","brand":"MEDELLIN ","img":"https://sgfm.elcorteingles.es/SGFM/01/83/3/0200633301833/0200633301833000g01011.jpg","price":"11,14 €","price_unit":"(15,91 € / Litro)","categories":["Supermercado","Bebidas","Licores y Alcoholes","Ron","Ron dorado,añejo y negro","MEDELLIN ron añejo 3 años Colombia botella 70 cl"],"general_information":["Denominación del alimento: Ron Medellín","País de origen: Colombia","Nombre del operador: GRUPO UNIVERSAL BEVERAGE S.A.","Dirección del operador: Juan de Áustria 49 L1 - 08005 Barcelona (España)","Lugar de procedencia del alimento: Colombia","Cantidad Neta: 700,0 g","Porcentaje de alcohol: 37,5%","Otras menciones obligatorias en la etiqueta: Añejo. PRODUCTO DE COLOMBIA PARA EXPORTACIÓN. AÑEJAMIENTO NATURAL. 3 AÑOS. CALIDAD CERTIFICADA ICO TEC NTC No. 278 RON."],"ingredients":[" Ron añejado naturalmente con un mínimo de 3 años"],"ean":"7702049100392"},{"full_name":"VARADERO ron cubano añejo reserva botella 70 cl","name":"ron cubano añejo reserva botella 70 cl","brand":"VARADERO ","img":"https://sgfm.elcorteingles.es/SGFM/00/03/3/0200633300033/0200633300033000g01011.jpg","price":"11,58 €            ","price_unit":"(15,93 € / Litro)","categories":["Supermercado","Bebidas","Licores y Alcoholes","Ron","Ron dorado,añejo y negro","VARADERO ron cubano añejo reserva botella 70 cl"],"general_information":["Denominación del alimento: Ron","Nombre del operador: Comercial Masoliver S.A.U.","Dirección del operador: Calle Puntia. 18 - 17857 Begudà (Girona) España","Lugar de procedencia del alimento: 192 - Cuba","Cantidad Neta: 700 Mililitros","Porcentaje de alcohol: 38%"],"ingredients":[],"ean":"8500039113228"},{"full_name":"VARADERO ron cubano 7 años botella 70 cl","name":"ron cubano 7 años botella 70 cl","brand":"VARADERO ","img":"https://sgfm.elcorteingles.es/SGFM/00/31/9/0118721300319/0118721300319000g01011.jpg","price":"19,95 €            ","price_unit":"(25,64 € / Litro)","categories":["Supermercado","Bebidas","Licores y Alcoholes","Ron","Ron dorado,añejo y negro","VARADERO ron cubano 7 años botella 70 cl"],"general_information":["Cantidad Neta: 70 cl"],"ingredients":[],"ean":"8500000070505"},{"full_name":"MATUSALEN ron añejo República Dominicana botella 70 cl","name":"ron añejo República Dominicana botella 70 cl","brand":"MATUSALEN ","img":"https://sgfm.elcorteingles.es/SGFM/dctm/MEDIA03/201706/09/00118733301727____1__600x600.jpg","price":"13,78 €","price_unit":"(19,69 € / Litro)","categories":["Supermercado","Bebidas","Licores y Alcoholes","Ron","Ron dorado,añejo y negro","MATUSALEN ron añejo República Dominicana botella 70 cl"],"general_information":["Cantidad Neta: 70 cl","Notas de cata Un ron de altísima calidad, añejado y mezclado mediante el\nmétodo solera, para competir en el segmento de precio de rones\nañejos. Tiene un color dorado brillante y limpio, un aroma fino\ne integrado y un paso por boca suave y sedoso, con notas de\nnueces y cremas y una terminación prolongada."],"ingredients":[],"ean":"8410221800716"},{"full_name":"MATUSALEN ron 7 años solera República Dominicana botella 70 cl","name":"ron 7 años solera República Dominicana botella 70 cl","brand":"MATUSALEN ","img":"https://sgfm.elcorteingles.es/SGFM/00/57/0/0118733300570/0118733300570000g01011.jpg","price":"18,76 €","price_unit":"(26,80 € / Litro)","categories":["Supermercado","Bebidas","Licores y Alcoholes","Ron","Ron dorado,añejo y negro","MATUSALEN ron 7 años solera República Dominicana botella 70 cl"],"general_information":["Denominación del alimento: Ron","País de origen: República Dominicana","Nombre del operador: Zamora Distribuciones de Bebidas S.L.U.","Dirección del operador: C/ Silicio s/n-Pgno Ind. Los Camachos. 30369 Cartagena","Cantidad Neta: 70 Centilitros","Porcentaje de alcohol: 40%"],"ingredients":[" Agua desmineralizada, aguardiente de caña añejo y caramelo"],"conservation":" Temperatura de almacenamiento de 25° +/- 2.","ean":"0766094100056"},{"full_name":"MATUSALEN ron 10 años clásico República Dominicana botella 70 cl","name":"ron 10 años clásico República Dominicana botella 70 cl","brand":"MATUSALEN ","img":"https://sgfm.elcorteingles.es/SGFM/00/35/0/0118721300350/0118721300350000g01011.jpg","price":"24,59 €","price_unit":"(35,13 € / Litro)","categories":["Supermercado","Bebidas","Licores y Alcoholes","Ron","Ron dorado,añejo y negro","MATUSALEN ron 10 años clásico República Dominicana botella 70 cl"],"general_information":["Denominación del alimento: Ron","País de origen: República Dominicana","Nombre del operador: Zamora Distribuciones de Bebidas S.L.U.","Dirección del operador: C/ Silicio s/n-Pgno Ind. Los Camachos. 30369 Cartagena","Cantidad Neta: 70 Centilitros","Porcentaje de alcohol: 40%"],"ingredients":[" Agua desmineralizada, aguardiente de caña añejo y caramelo"],"conservation":" Temperatura de almacenamiento de 25° +/- 2.","ean":"0766094070052"},{"full_name":"MATUSALEN ron 15 años gran reserva República Dominicana botella 70 cl","name":"ron 15 años gran reserva República Dominicana botella 70 cl","brand":"MATUSALEN ","img":"https://sgfm.elcorteingles.es/SGFM/00/37/6/0118721300376/0118721300376000g01011.jpg","price":"32,01 €            ","price_unit":"(44 € / Litro)","categories":["Supermercado","Bebidas","Licores y Alcoholes","Ron","Ron dorado,añejo y negro","MATUSALEN ron 15 años gran reserva República Dominicana botella 70 cl"],"general_information":["Cantidad Neta: 70 cl"],"ingredients":[],"ean":"8410221801713"},{"full_name":"OAKHEART ron premium Elixir botella 70 cl","name":"ron premium Elixir botella 70 cl","brand":"OAKHEART ","img":"https://sgfm.elcorteingles.es/SGFM/dctm/MEDIA03/201612/22/00118733302402____1__600x600.jpg","price":"10,14 €            ","price_unit":"(14,07 € / Litro)","categories":["Supermercado","Bebidas","Licores y Alcoholes","Ron","Ron dorado,añejo y negro","OAKHEART ron premium Elixir botella 70 cl"],"general_information":["Denominación del alimento: BEBIDA ESPIRITUOSA","País de origen: Alemania","Nombre del operador: BACARDI ESPAÑA, S.A.","Dirección del operador: CALLE DE VELÁZQUEZ, 51, 28001 MADRID","Cantidad Neta: 70 Centilitros","Porcentaje de alcohol: 35%"],"ingredients":[],"ean":"5010677740210"},{"full_name":"HAVANA CLUB Ritual ron de Cuba botella 70 cl","name":"Ritual ron de Cuba botella 70 cl","brand":"HAVANA CLUB ","img":"https://sgfm.elcorteingles.es/SGFM/02/15/4/0118733302154/0118733302154000g01011.jpg","price":"12,16 €            ","price_unit":"(14,27 € / Litro)","categories":["Supermercado","Bebidas","Licores y Alcoholes","Ron","Ron dorado,añejo y negro","HAVANA CLUB Ritual ron de Cuba botella 70 cl"],"general_information":["Cantidad Neta: 70 cl","Notas de cata Caña de Azucar, Vainilla y Frutas Tropicales"],"ingredients":[],"ean":"8410045104045"},{"full_name":"HAVANA CLUB ron añejo 7 años de Cuba botella 70 cl","name":"ron añejo 7 años de Cuba botella 70 cl","brand":"HAVANA CLUB ","img":"https://sgfm.elcorteingles.es/SGFM/dctm/MEDIA03/201611/02/00118721300343____1__600x600.jpg","price":"20,54 €","price_unit":"(29,34 € / Litro)","categories":["Supermercado","Bebidas","Licores y Alcoholes","Ron","Ron dorado,añejo y negro","HAVANA CLUB ron añejo 7 años de Cuba botella 70 cl"],"general_information":["Cantidad Neta: 70 cl","Notas de cata Es el sabor del suelo cubano el que trasciende, desde su tabaco conocido alrededor del mundo a las deliciosas frutas de un jardín tropical, a lo que se añaden las especias y el aroma de vainilla que se consiguen gracias al añejamiento. Incluso se puede degustar la materia prima utilizada para hacer el ron:  la caña de azúcar cubana."],"ingredients":[],"ean":"8410045102188"},{"full_name":"HAVANA CLUB ron añejo especial 5 años de Cuba botella 70 cl","name":"ron añejo especial 5 años de Cuba botella 70 cl","brand":"HAVANA CLUB ","img":"https://sgfm.elcorteingles.es/SGFM/dctm/MEDIA03/201709/25/00118733300406____1__600x600.jpg","price":"14,80 €","price_unit":"(21,14 € / Litro)","categories":["Supermercado","Bebidas","Licores y Alcoholes","Ron","Ron dorado,añejo y negro","HAVANA CLUB ron añejo especial 5 años de Cuba botella 70 cl"],"general_information":["Cantidad Neta: 70 cl","Notas de cata Es una mezcla sabrosa y excepcionalmente suave. Es el perfecto ejemplo de la exce-lencia de las mezclas de rones cubanos, un auténtico arte que los mejores maestros roneros de la isla perfeccionan con el correr de los años. Havana Club Añejo Especial es una sutil mezcla de varios rones añejos, seleccionados para combinar sabor fuerte con aroma ligero."],"ingredients":[],"ean":"8410045400567"},{"full_name":"HAVANA CLUB ron añejo 3 años de Cuba botella 70 cl","name":"ron añejo 3 años de Cuba botella 70 cl","brand":"HAVANA CLUB ","img":"https://sgfm.elcorteingles.es/SGFM/00/32/3/0118733300323/0118733300323000g01011.jpg","price":"11,52 €","price_unit":"(16,46 € / Litro)","categories":["Supermercado","Bebidas","Licores y Alcoholes","Ron","Ron dorado,añejo y negro","HAVANA CLUB ron añejo 3 años de Cuba botella 70 cl"],"general_information":["Denominación del alimento: Ron","País de origen: Cuba","Nombre del operador: Pernod Ricard España","Dirección del operador: Avda. José Ortega y Gasset, 201 ? 5ª Planta   29006 MALAGA","Cantidad Neta: 70 Centilitros","Porcentaje de alcohol: 40%","Otras menciones obligatorias en la etiqueta: No contiene ninguna de las sustancias o productos que causan alergias o intolerancias recogidos en el anexo II del Reglamento 1169/2011. Nuestros productos están etiquetados de acuerdo a las reglas legales y de mercado sobre etiquetado de bebidas espirituosas","Notas de cata Las notas de vainilla, pera caramelizada, plátano y un toque a roble ahumado que cosquillea la nariz dan al ron su aroma típicamente cubano, mientras que el chocolate y la vainilla harán las delicias del paladar. Estos sabores son una combinación perfecta para la frescura de la menta, el azúcar y la lima: todo lo necesario para un auténtico Mojito cubano."],"ingredients":[],"conservation":" Conservar alejada de luces intensas y en lugares con temperatura fresca y constante, en posición vertical.","ean":"8501110080231"},{"full_name":"DIPLOMATICO Mantuano ron extra reserva de Venezuela botella 70 cl","name":"Mantuano ron extra reserva de Venezuela botella 70 cl","brand":"DIPLOMATICO ","img":"https://sgfm.elcorteingles.es/SGFM/dctm/MEDIA03/201703/01/00118721300434____2__600x600.jpg","price":"25,39 €            ","price_unit":"(34,86 € / Litro)","categories":["Supermercado","Bebidas","Licores y Alcoholes","Ron","Ron dorado,añejo y negro","DIPLOMATICO Mantuano ron extra reserva de Venezuela botella 70 cl"],"general_information":["Cantidad Neta: 70 cl"],"ingredients":[],"ean":"8437009805787"},{"full_name":"BOTRAN ron de Guatemala botella 70 cl","name":"ron de Guatemala botella 70 cl","brand":"BOTRAN ","img":"https://sgfm.elcorteingles.es/SGFM/dctm/MEDIA02/CONTENIDOS/201510/02/00200621300672____1__600x600.jpg","price":"23,91 €            ","price_unit":"(27,07 € / Litro)","categories":["Supermercado","Bebidas","Licores y Alcoholes","Ron","Ron dorado,añejo y negro","BOTRAN ron de Guatemala botella 70 cl"],"general_information":["Cantidad Neta: 70 cl"],"ingredients":[],"ean":"7401005007965"},{"full_name":"DON PAPA ron de Filipinas botella 70 cl","name":"ron de Filipinas botella 70 cl","brand":"DON PAPA ","img":"https://sgfm.elcorteingles.es/SGFM/dctm/MEDIA03/201610/18/00118721300772____1__600x600.jpg","price":"32,89 €            ","price_unit":"(42,79 € / Litro)","categories":["Supermercado","Bebidas","Licores y Alcoholes","Ron","Ron dorado,añejo y negro","DON PAPA ron de Filipinas botella 70 cl"],"general_information":["Cantidad Neta: 70 cl"],"ingredients":[],"ean":"4809015157114"},{"full_name":"FRANCISCO MONTERO ron superior premium botella 70 cl","name":"ron superior premium botella 70 cl","brand":"FRANCISCO MONTERO ","img":"https://sgfm.elcorteingles.es/SGFM/00/55/8/0118721300558/0118721300558000g01011.jpg","price":"73,03 €","price_unit":"(104,33 € / Litro)","categories":["Supermercado","Bebidas","Licores y Alcoholes","Ron","Ron dorado,añejo y negro","FRANCISCO MONTERO ron superior premium botella 70 cl"],"general_information":["Denominación del alimento: Ron Francisco Montero","Nombre del operador: Ron Montero SL","Dirección del operador: Camino de la Vía s/n, 18600 Motril, Granada","Cantidad Neta: 70 Centilitros","Porcentaje de alcohol: 40%","Otras menciones obligatorias en la etiqueta: R.F. 6821-GR- R/R.S. 30-828/GR   50 ANIVERSARIO Mil años de historia motrileña.  Mil años de historia de caña de azúcar en Motril y la obsesión de D. Francisco Montero por la elaboración de un ron auténtico, forjaron la leyenda de Ron Montero. En homenaje a su fundador elaboramos este ron de edición limitada y numerada. Envejecido con paciencia en barricas vírgenes de roble americano mediante el sistema tradicional de soleras y criaderas, con madres que en 2013 cumplen 50 años. Ron Francisco Montero es suave, equilibrado y con cuerpo, conserva toda la intensidad de los aromas puros de caña y roble que D. Francisco Montero siempre buscó en su \"ron perfecto\"."],"ingredients":[],"conservation":" Mantener alejado de la luz del sol y el calor","ean":"8427219201356"},{"full_name":"LAMB'S Navy ron dorado botella 70 cl","name":"Navy ron dorado botella 70 cl","brand":"LAMB'S ","img":"https://sgfm.elcorteingles.es/SGFM/dctm/MEDIA02/CONTENIDOS/201409/02/00118733302220____1__600x600.jpg","price":"16,53 €","categories":["Supermercado","Bebidas","Licores y Alcoholes","Ron","Ron dorado,añejo y negro","LAMB'S Navy ron dorado botella 70 cl"],"general_information":["Denominación del alimento: Ron","Nombre del operador: Central Hisumer, S.L.","Dirección del operador: Crtra. de Hurchillo, 10, 03300 Orihuela, Alicante.","Cantidad Neta: 70 Centilitros","Porcentaje de alcohol: 40%"],"ingredients":[],"ean":"5011166051572"},{"full_name":"KRAKEN ron negro especiado botella 70 cl","name":"ron negro especiado botella 70 cl","brand":"KRAKEN ","img":"https://sgfm.elcorteingles.es/SGFM/dctm/MEDIA02/CONTENIDOS/201510/09/00118721300715____1__600x600.jpg","price":"25,76 €","price_unit":"(36,80 € / Litro)","categories":["Supermercado","Bebidas","Licores y Alcoholes","Ron","Ron dorado,añejo y negro","KRAKEN ron negro especiado botella 70 cl"],"general_information":["Cantidad Neta: 70 cl"],"ingredients":[],"ean":"8437009805657"},{"full_name":"PRESIDENTE MARTI ron gran añejo botella 70 cl","name":"ron gran añejo botella 70 cl","brand":"PRESIDENTE MARTI ","img":"https://sgfm.elcorteingles.es/SGFM/dctm/MEDIA03/201711/24/00118721300830____1__600x600.jpg","price":"21,15 €","categories":["Supermercado","Bebidas","Licores y Alcoholes","Ron","Ron dorado,añejo y negro","PRESIDENTE MARTI ron gran añejo botella 70 cl"],"general_information":["Cantidad Neta: 70 cl"],"ingredients":[],"ean":"7466871101780"},{"full_name":"NEGUS ron dorado clásico botella 1 l","name":"ron dorado clásico botella 1 l","brand":"NEGUS ","img":"https://sgfm.elcorteingles.es/SGFM/dctm/MEDIA03/201612/21/00118733302428____1__600x600.jpg","price":"13,66 €","price_unit":"(13,66 € / Litro)","categories":["Supermercado","Bebidas","Licores y Alcoholes","Ron","Ron dorado,añejo y negro","NEGUS ron dorado clásico botella 1 l"],"general_information":["Denominación del alimento: Ron","País de origen: España","Nombre del operador: BARDINET,S.A.","Dirección del operador: Camí Can Valls s/n- 08790 Gelida","Cantidad Neta: 100 Centilitros","Porcentaje de alcohol: 37.5%"],"ingredients":[],"ean":"8412019225008"},{"full_name":"SAVANNA ron caribeño añejo botella 70 cl","name":"ron caribeño añejo botella 70 cl","brand":"SAVANNA ","img":"https://sgfm.elcorteingles.es/SGFM/01/98/2/0118733301982/0118733301982000g01011.jpg","price":"5,66 €","price_unit":"(8,09 € / Litro)","categories":["Supermercado","Bebidas","Licores y Alcoholes","Ron","Ron dorado,añejo y negro","SAVANNA ron caribeño añejo botella 70 cl"],"general_information":["Denominación del alimento: RON","Nombre del operador: Embotellado para \nel Grupo El Corte Inglés\nHermosilla 112 - Madrid\npor R.E.1128-B\nEspaña","Lugar de procedencia del alimento: Origen: REPÚBLICA DOMINICANA"],"ingredients":[],"ean":"8433329029544"},{"full_name":"SAVANNA ron con miel botella 70 cl","name":"ron con miel botella 70 cl","brand":"SAVANNA ","img":"https://sgfm.elcorteingles.es/SGFM/00/01/0/0118722800010/0118722800010000g01011.jpg","price":"5,72 €","price_unit":"(8,17 € / Litro)","categories":["Supermercado","Bebidas","Licores y Alcoholes","Ron","Ron dorado,añejo y negro","SAVANNA ron con miel botella 70 cl"],"general_information":["Denominación del alimento: RONMIEL","Nombre del operador: Embotellado para \nel Grupo El Corte Inglés\nHermosilla 112 - Madrid\npor R.E.1128-B\nEspaña"],"ingredients":[],"ean":"8433329029551"},{"full_name":"OPTHIMUS ron puro dominicano 15 años botella 70 cl","name":"ron puro dominicano 15 años botella 70 cl","brand":"OPTHIMUS ","img":"https://sgfm.elcorteingles.es/SGFM/00/53/3/0118721300533/0118721300533000g01011.jpg","price":"30,00 €","categories":["Supermercado","Bebidas","Licores y Alcoholes","Ron","Ron dorado,añejo y negro","OPTHIMUS ron puro dominicano 15 años botella 70 cl"],"general_information":["Cantidad Neta: 70 cl"],"ingredients":[],"ean":"7466871102237"},{"full_name":"AREHUCAS Guanche ron miel botella 70 cl","name":"Guanche ron miel botella 70 cl","brand":"AREHUCAS ","img":"https://sgfm.elcorteingles.es/SGFM/00/11/7/0118733300117/0118733300117000g01011.jpg","price":"8,69 €            ","price_unit":"(11,99 € / Litro)","categories":["Supermercado","Bebidas","Licores y Alcoholes","Ron","Ron dorado,añejo y negro","AREHUCAS Guanche ron miel botella 70 cl"],"general_information":["Cantidad Neta: 70 cl"],"ingredients":[],"ean":"8410382000895"},{"full_name":"AREHUCAS ron dorado Carta Oro botella 70 cl","name":"ron dorado Carta Oro botella 70 cl","brand":"AREHUCAS ","img":"https://sgfm.elcorteingles.es/SGFM/00/12/5/0118733300125/0118733300125000g01011.jpg","price":"12,69 €            ","price_unit":"(16,79 € / Litro)","categories":["Supermercado","Bebidas","Licores y Alcoholes","Ron","Ron dorado,añejo y negro","AREHUCAS ron dorado Carta Oro botella 70 cl"],"general_information":["Cantidad Neta: 70 cl"],"ingredients":[],"ean":"8410382001229"},{"full_name":"AREHUCAS ron añejo reserva especial 18 años 70 cl","name":"ron añejo reserva especial 18 años  70 cl","brand":"AREHUCAS ","img":"https://sgfm.elcorteingles.es/SGFM/dctm/MEDIA03/201705/17/00118721300814____1__600x600.jpg","price":"28,75 €            ","categories":["Supermercado","Bebidas","Licores y Alcoholes","Ron","Ron dorado,añejo y negro","AREHUCAS ron añejo reserva especial 18 años 70 cl"],"general_information":["Cantidad Neta: 70 cl"],"ingredients":[],"ean":"8410382000840"},{"full_name":"PUERTO DE INDIAS ron miel botella 70 cl","name":"ron miel botella 70 cl","brand":"PUERTO DE INDIAS ","img":"https://sgfm.elcorteingles.es/SGFM/dctm/MEDIA02/CONTENIDOS/201509/10/00118733302329____1__600x600.jpg","price":"8,35 €","price_unit":"(11,93 € / Litro)","categories":["Supermercado","Bebidas","Licores y Alcoholes","Ron","Ron dorado,añejo y negro","PUERTO DE INDIAS ron miel botella 70 cl"],"general_information":["Denominación del alimento: Ron Miel","Nombre del operador: Los Alcores de Carmona, S.L.","Dirección del operador: Finca de Brenes, Ctra. Carmona - El Viso s/n, 41410 Carmona, Sevilla.","Cantidad Neta: 700 Mililitros","Porcentaje de alcohol: 20%"],"ingredients":[],"ean":"8437004142405"},{"full_name":"VIEJO DE CALDAS ron añejo 3 años tradicional de Colombia botella 70 cl","name":"ron añejo 3 años tradicional de Colombia botella 70 cl","brand":"VIEJO DE CALDAS ","img":"https://sgfm.elcorteingles.es/SGFM/dctm/MEDIA02/CONTENIDOS/201408/22/00118733302238____1__600x600.jpg","price":"10,79 €","price_unit":"(15,41 € / Litro)","categories":["Supermercado","Bebidas","Licores y Alcoholes","Ron","Ron dorado,añejo y negro","VIEJO DE CALDAS ron añejo 3 años tradicional de Colombia botella 70 cl"],"general_information":["Denominación del alimento: Ron viejo de Caldas","País de origen: Colombia","Nombre del operador: Marindus, S.L.","Dirección del operador: c/ Ciudad de Frias, 19 - 28021 Madrid","Lugar de procedencia del alimento: Colombia","Cantidad Neta: 700,0 Mililitros","Porcentaje de alcohol: 37,5%"],"ingredients":[" Contine sulfitos."],"conservation":" Conservar en lugar fresco y seco.","ean":"7702168216509"},{"full_name":"VIEJO DE CALDAS ron añejo 8 años de Colombia botella 70 cl","name":"ron añejo 8 años de Colombia botella 70 cl","brand":"VIEJO DE CALDAS ","img":"https://sgfm.elcorteingles.es/SGFM/dctm/MEDIA02/CONTENIDOS/201505/08/00118733302295____1__600x600.jpg","price":"18,17 €","price_unit":"(25,96 € / Litro)","categories":["Supermercado","Bebidas","Licores y Alcoholes","Ron","Ron dorado,añejo y negro","VIEJO DE CALDAS ron añejo 8 años de Colombia botella 70 cl"],"general_information":["Cantidad Neta: 70 cl"],"ingredients":[],"ean":"7702168254907"},{"full_name":"FLOR DE CAÑA ron añejo clásico 5 años botella 70 cl","name":"ron añejo clásico 5 años botella 70 cl","brand":"FLOR DE CAÑA ","img":"https://sgfm.elcorteingles.es/SGFM/dctm/MEDIA02/CONTENIDOS/201508/14/00118733302311____2__600x600.jpg","price":"13,81 €","price_unit":"(19,73 € / Litro)","categories":["Supermercado","Bebidas","Licores y Alcoholes","Ron","Ron dorado,añejo y negro","FLOR DE CAÑA ron añejo clásico 5 años botella 70 cl"],"general_information":["Denominación del alimento: Ron","País de origen: Nicaragua","Nombre del operador: Compañía Licorera de Nicaragua S.A.","Dirección del operador: Km 120 Carretera a Chinandega, Chichigalpa (NICARAGUA)","Cantidad Neta: 70 Centilitros","Porcentaje de alcohol: 40.0%"],"ingredients":[],"ean":"7431008104002"},{"full_name":"FLOR DE CAÑA ron Gran Reserva 7 años botella 70 cl","name":"ron Gran Reserva 7 años botella 70 cl","brand":"FLOR DE CAÑA ","img":"https://sgfm.elcorteingles.es/SGFM/dctm/MEDIA02/CONTENIDOS/201408/19/00118721300426____1__600x600.jpg","price":"21,15 €","price_unit":"(30,21 € / Litro)","categories":["Supermercado","Bebidas","Licores y Alcoholes","Ron","Ron dorado,añejo y negro","FLOR DE CAÑA ron Gran Reserva 7 años botella 70 cl"],"general_information":["Cantidad Neta: 70 cl"],"ingredients":[],"ean":"8410023036399"},{"full_name":"SAVANNA ron carta blanca botella 1 l","name":"ron carta blanca botella 1 l","brand":"SAVANNA ","img":"https://sgfm.elcorteingles.es/SGFM/01/97/4/0118733301974/0118733301974000g01011.jpg","price":"6,25 €","price_unit":"(6,25 € / Litro)","categories":["Supermercado","Bebidas","Licores y Alcoholes","Ron","Ron blanco","SAVANNA ron carta blanca botella 1 l"],"general_information":["Denominación del alimento: RON","Nombre del operador: Embotellado para \nel Grupo El Corte Inglés\nHermosilla 112 - Madrid\npor R.E.1128-B\nEspaña"],"ingredients":[],"ean":"8433329029537"},{"full_name":"BACARDI ron blanco superior botella 70 cl","name":"ron blanco superior botella 70 cl","brand":"BACARDI ","img":"https://sgfm.elcorteingles.es/SGFM/dctm/MEDIA03/201701/16/00118733301818____1__600x600.jpg","price":"11,31 €","price_unit":"(16,16 € / Litro)","categories":["Supermercado","Bebidas","Licores y Alcoholes","Ron","Ron blanco","BACARDI ron blanco superior botella 70 cl"],"general_information":["Denominación del alimento: RON BLANCO","País de origen: Alemania","Nombre del operador: BACARDI ESPAÑA, S.A.","Dirección del operador: CALLE DE VELÁZQUEZ, 51, 28001 MADRID","Cantidad Neta: 70 Centilitros","Porcentaje de alcohol: 37.5%","Otras menciones obligatorias en la etiqueta: NO CONTIENE GLUTEN"],"ingredients":[],"ean":"5010677012744"},{"full_name":"BACARDI ron blanco botella 1 l","name":"ron blanco botella 1 l","brand":"BACARDI ","img":"https://sgfm.elcorteingles.es/SGFM/dctm/MEDIA03/201709/25/00118733300356____1__600x600.jpg","price":"16,99 €","price_unit":"(16,99 € / Litro)","categories":["Supermercado","Bebidas","Licores y Alcoholes","Ron","Ron blanco","BACARDI ron blanco botella 1 l"],"general_information":["Denominación del alimento: RON BLANCO","País de origen: Italia","Nombre del operador: BACARDI ESPAÑA, S.A.","Dirección del operador: CALLE DE VELÁZQUEZ, 51, 28001 MADRID","Cantidad Neta: 100 Centilitros","Porcentaje de alcohol: 37.5%","Otras menciones obligatorias en la etiqueta: NO CONTIENE GLUTEN"],"ingredients":[],"ean":"8410414114088"},{"full_name":"BACARDI limón ron blanco botella 70 cl","name":"limón ron blanco botella 70 cl","brand":"BACARDI ","img":"https://sgfm.elcorteingles.es/SGFM/dctm/MEDIA03/201709/25/00118733300307____1__600x600.jpg","price":"13,98 €","price_unit":"(19,97 € / Litro)","categories":["Supermercado","Bebidas","Licores y Alcoholes","Ron","Ron blanco","BACARDI limón ron blanco botella 70 cl"],"general_information":["Denominación del alimento: BEBIDA ESPIRITUOSA","País de origen: Alemania","Nombre del operador: BACARDI ESPAÑA, S.A.","Dirección del operador: CALLE DE VELÁZQUEZ, 51, 28001 MADRID","Cantidad Neta: 100 Centilitros","Porcentaje de alcohol: 32%","Otras menciones obligatorias en la etiqueta: PROTEGER DE LA LUZ SOLAR.NO CONTIENE GLUTEN"],"ingredients":[],"ean":"5010677048125"},{"full_name":"BRUGAL ron blanco especial extra dry botella 70 cl","name":"ron blanco especial extra dry botella 70 cl","brand":"BRUGAL ","img":"https://sgfm.elcorteingles.es/SGFM/02/11/3/0118733302113/0118733302113000g01011.jpg","price":"12,90 €","price_unit":"(18,43 € / Litro)","categories":["Supermercado","Bebidas","Licores y Alcoholes","Ron","Ron blanco","BRUGAL ron blanco especial extra dry botella 70 cl"],"general_information":["Denominación del alimento: Ron Añejo","País de origen: República Dominicana","Nombre del operador: Maxxium España, S.L","Dirección del operador: C/ Mahonia, 2 - 28043 Madrid","Cantidad Neta: 70 Centilitros","Porcentaje de alcohol: 40.0%"],"ingredients":[],"ean":"7460855204450"},{"full_name":"MALIBU Caribbean original ron blanco con coconut botella 70 cl","name":"Caribbean original ron blanco con coconut botella 70 cl","brand":"MALIBU ","img":"https://sgfm.elcorteingles.es/SGFM/00/04/2/0118733300042/0118733300042000g01011.jpg","price":"10,09 €","price_unit":"(14,41 € / Litro)","categories":["Supermercado","Bebidas","Licores y Alcoholes","Ron","Ron blanco","MALIBU Caribbean original ron blanco con coconut botella 70 cl"],"general_information":["Cantidad Neta: 70 cl","Notas de cata Color cristalino. Aroma suave, con notas de coco, almendras y moca.\nSabor suave, natural y de cuerpo ligero.","Gastronomía-Platos recomendados Con zumos de frutas, arándonos y uvas, se crea un perfecto aperitivo. Con zumos y refrescos de limón, una limonada llena de matices. Con piña, el perfecto mix de dulce y ácido. Con refrescos de cola, angostura y lima."],"ingredients":[],"ean":"8410045103543"},{"full_name":"BARCELO Platinum ron blanco dominicano botella 70 cl","name":"Platinum ron blanco dominicano botella 70 cl","brand":"BARCELO ","img":"https://sgfm.elcorteingles.es/SGFM/02/12/1/0118733302121/0118733302121000g01011.jpg","price":"11,34 €","price_unit":"(16,20 € / Litro)","categories":["Supermercado","Bebidas","Licores y Alcoholes","Ron","Ron blanco","BARCELO Platinum ron blanco dominicano botella 70 cl"],"general_information":["Cantidad Neta: 70 cl"],"ingredients":[],"ean":"8414322129059"}]