[{"full_name":"EL CORTE INGLES sal fina paquete 1 kg","name":"sal fina paquete 1 kg","brand":"EL CORTE INGLES ","img":"https://sgfm.elcorteingles.es/SGFM/dctm/MEDIA03/201705/05/00120904500186____6__600x600.jpg","price":"0,21 €","price_unit":"(0,21 € / Kilo)","categories":["Supermercado","Alimentación General","Sal","Sal","EL CORTE INGLES sal fina paquete 1 kg"],"general_information":[],"ingredients":[],"ean":"8433329076142"},{"full_name":"EL CORTE INGLES sal fina de mesa bote 500 g","name":"sal fina de mesa bote 500 g","brand":"EL CORTE INGLES ","img":"https://sgfm.elcorteingles.es/SGFM/dctm/MEDIA03/201705/08/00120904500194____1__600x600.jpg","price":"0,83 €","price_unit":"(1,66 € / Kilo)","categories":["Supermercado","Alimentación General","Sal","Sal","EL CORTE INGLES sal fina de mesa bote 500 g"],"general_information":[],"ingredients":[],"ean":"8433329076173"},{"full_name":"EL CORTE INGLES sal yodada bolsa 1 kg","name":"sal yodada bolsa 1 kg","brand":"EL CORTE INGLES ","img":"https://sgfm.elcorteingles.es/SGFM/dctm/MEDIA03/201707/07/00120904500228____1__600x600.jpg","price":"0,18 €","price_unit":"(0,18 € / Kilo)","categories":["Supermercado","Alimentación General","Sal","Sal","EL CORTE INGLES sal yodada bolsa 1 kg"],"general_information":[],"ingredients":[],"ean":"8433329076159"},{"full_name":"EL CORTE INGLES sal yodada bote 500 g","name":"sal yodada bote 500 g","brand":"EL CORTE INGLES ","img":"https://sgfm.elcorteingles.es/SGFM/dctm/MEDIA03/201705/08/00120904500202____1__600x600.jpg","price":"0,83 €","price_unit":"(1,66 € / Kilo)","categories":["Supermercado","Alimentación General","Sal","Sal","EL CORTE INGLES sal yodada bote 500 g"],"general_information":[],"ingredients":[],"ean":"8433329076180"},{"full_name":"EL CORTE INGLES sal gruesa para cocinar paquete 1 kg","name":"sal gruesa para cocinar paquete 1 kg","brand":"EL CORTE INGLES ","img":"https://sgfm.elcorteingles.es/SGFM/dctm/MEDIA03/201705/08/00120904500244____1__600x600.jpg","price":"0,21 €","price_unit":"(0,21 € / Kilo)","categories":["Supermercado","Alimentación General","Sal","Sal","EL CORTE INGLES sal gruesa para cocinar paquete 1 kg"],"general_information":[],"ingredients":[],"ean":"8433329076166"},{"full_name":"EL CORTE INGLES sal gruesa para cocinar bote 500 g","name":"sal gruesa para cocinar bote 500 g","brand":"EL CORTE INGLES ","img":"https://sgfm.elcorteingles.es/SGFM/dctm/MEDIA03/201705/08/00120904500210____1__600x600.jpg","price":"0,83 €","price_unit":"(1,66 € / Kilo)","categories":["Supermercado","Alimentación General","Sal","Sal","EL CORTE INGLES sal gruesa para cocinar bote 500 g"],"general_information":[],"ingredients":[],"ean":"8433329076197"},{"full_name":"EL CORTE INGLES sal gruesa para hornear bolsa 2 kg","name":"sal gruesa para hornear bolsa 2 kg","brand":"EL CORTE INGLES ","img":"https://sgfm.elcorteingles.es/SGFM/dctm/MEDIA03/201705/05/00120904500236____1__600x600.jpg","price":"0,75 €","price_unit":"(0,38 € / Kilo)","categories":["Supermercado","Alimentación General","Sal","Sal","EL CORTE INGLES sal gruesa para hornear bolsa 2 kg"],"general_information":[],"ingredients":[],"ean":"8433329071918"},{"full_name":"LA BALLENA sal marina gruesa envase 1 kg","name":"sal marina gruesa envase 1 kg","brand":"LA BALLENA ","img":"https://sgfm.elcorteingles.es/SGFM/dctm/MEDIA03/201604/14/00120909500041____1__600x600.jpg","price":"0,72 €","price_unit":"(0,72 € / Kilo)","categories":["Supermercado","Alimentación General","Sal","Sal","LA BALLENA sal marina gruesa envase 1 kg"],"general_information":["Denominación del alimento: Sal Marina Gruesa","Nombre del operador: Unión Salinera De España, S.A.","Dirección del operador: C/ Albasanz, 16 2° planta 28037 Madrid","Lugar de procedencia del alimento: Parques Naturales del Mar Mediterraneo","Cantidad Neta: 1 Kilogramos"],"ingredients":[" Sal marina"],"conservation":" Conservar en lugar seco","ean":"8412634105310"},{"full_name":"LA BALLENA Esencial sal mineral marina con 50% menos de Sodio 100% Sabor envase 350 g","name":"Esencial sal mineral marina con 50% menos de Sodio 100% Sabor envase 350 g","brand":"LA BALLENA ","img":"https://sgfm.elcorteingles.es/SGFM/dctm/MEDIA03/201604/14/00120902300902____1__600x600.jpg","price":"3,77 €","price_unit":"(10,77 € / Kilo)","categories":["Supermercado","Alimentación General","Sal","Sal","LA BALLENA Esencial sal mineral marina con 50% menos de Sodio 100% Sabor envase 350 g"],"general_information":["Denominación del alimento: Sales Minerales del Mar Fina Bajo en Sodio","Nombre del operador: Unión Salinera De España, S.A.","Dirección del operador: C/ Albasanz, 16 2° planta 28037 Madrid","Lugar de procedencia del alimento: Parques Naturales del Mar Mediterraneo","Cantidad Neta: 350 g"],"ingredients":[" Sal marina 50%, minerales del agua 49%(potasio, magnesio,calcio) , antiaglomerante: óxido de magnesio, E-535, carbonos de magnesio"],"conservation":" Conservar en lugar limpio y seco","ean":"8412634106379"},{"full_name":"LA BALLENA sal marina fina envase 125 g","name":"sal marina fina envase 125 g","brand":"LA BALLENA ","img":"https://sgfm.elcorteingles.es/SGFM/dctm/MEDIA03/201604/14/00120904500160____1__600x600.jpg","price":"0,69 €","price_unit":"(5,52 € / Kilo)","categories":["Supermercado","Alimentación General","Sal","Sal","LA BALLENA sal marina fina envase 125 g"],"general_information":["Denominación del alimento: Sal Marina Fina","Nombre del operador: Unión Salinera De España, S.A.","Dirección del operador: C/ Albasanz, 16 2° planta 28037 Madrid","Lugar de procedencia del alimento: Parques Naturales del Mar Mediterraneo","Cantidad Neta: 125 g"],"ingredients":[" Sal marina, antiaglomerante : E-535 (10 mg/kg máx. expresado en ión ferrocianuro)"],"conservation":" Conservar en lugar seco","ean":"8412634105150"},{"full_name":"SAL COSTA sal de alta cocina paquete 2 kg","name":"sal de alta cocina paquete 2 kg","brand":"SAL COSTA ","img":"https://sgfm.elcorteingles.es/SGFM/00/04/3/0120902300043/0120902300043000g01011.jpg","price":"1,73 €","price_unit":"(0,86 € / Kilo)","categories":["Supermercado","Alimentación General","Sal","Sal","SAL COSTA sal de alta cocina paquete 2 kg"],"general_information":["Denominación del alimento: Alta Cocina 2 Kg","País de origen: España","Nombre del operador: SAL COSTA S.A.","Dirección del operador: Crta.circunvalación Tramo VI Km 5,5 Puerto Barcelona","Cantidad Neta: 2,0 Kilogramos"],"ingredients":[" Sal Marina seleccionada,  Antiaglomerante (E-536)"],"ean":"8410604111408"},{"full_name":"SAL COSTA sal marina con yodo + flúor paquete 1 kg","name":"sal marina con yodo + flúor paquete 1 kg","brand":"SAL COSTA ","img":"https://sgfm.elcorteingles.es/SGFM/dctm/MEDIA02/CONTENIDOS/201409/01/00120904600036____1__600x600.jpg","price":"0,67 €","price_unit":"(0,67 € / Kilo)","categories":["Supermercado","Alimentación General","Sal","Sal","SAL COSTA sal marina con yodo + flúor paquete 1 kg"],"general_information":["Denominación del alimento: Yodo + Fluor 1 Kg","País de origen: España","Nombre del operador: SAL COSTA S.A.","Dirección del operador: Crta.circunvalación Tramo VI Km 5,5 Puerto Barcelona","Cantidad Neta: 1 Kilogramos"],"ingredients":[" Sal Marina, Fluoruro (KF), Yoduro (KI), Antiaglomerante(E-536)"],"ean":"8410604110500"},{"full_name":"SAL COSTA Plus+ sal marina con yodo, magnesio, fósforo, flúor y calcio paquete 1 kg","name":"Plus+ sal marina con yodo, magnesio, fósforo, flúor y calcio paquete 1 kg","brand":"SAL COSTA ","img":"https://sgfm.elcorteingles.es/SGFM/00/15/2/0120904500152/0120904500152000g01011.jpg","price":"0,99 €","price_unit":"(0,99 € / Kilo)","categories":["Supermercado","Alimentación General","Sal","Sal","SAL COSTA Plus+ sal marina con yodo, magnesio, fósforo, flúor y calcio paquete 1 kg"],"general_information":["Denominación del alimento: Plus+ 1 Kg","País de origen: España","Nombre del operador: SAL COSTA S.A.","Dirección del operador: Crta.circunvalación Tramo VI Km 5,5 Puerto Barcelona","Cantidad Neta: 1,0 Kilogramos"],"ingredients":[" Sal Marina, Fosfato Bicálcico, Carbonato de Magnesio, Fluoruro (KF), Yoduro (KI) y Antiaglomerante(E-536)"],"ean":"8410604110746"},{"full_name":"LA BALLENA Flor de Sal Cabo de Gata bote 125 g","name":"Flor de Sal Cabo de Gata bote 125 g","brand":"LA BALLENA ","img":"https://sgfm.elcorteingles.es/SGFM/dctm/MEDIA03/201604/14/00120902300282____2__600x600.jpg","price":"3,07 €","categories":["Supermercado","Alimentación General","Sal","Sal","LA BALLENA Flor de Sal Cabo de Gata bote 125 g"],"general_information":["Denominación del alimento: Flor de Sal","Nombre del operador: Unión Salinera De España, S.A.","Dirección del operador: C/ Albasanz, 16 2° planta 28037 Madrid","Lugar de procedencia del alimento: Cabo de Gata La Ballena","Cantidad Neta: 125 g"],"ingredients":[" Sal marina"],"conservation":" Conservar en lugar seco","ean":"8412634103538"},{"full_name":"MALDON escamas de sal marina paquete 250 g","name":"escamas de sal marina paquete 250 g","brand":"MALDON ","img":"https://sgfm.elcorteingles.es/SGFM/00/49/8/0120902300498/0120902300498000g01011.jpg","price":"4,35 €","price_unit":"(17,40 € / Kilo)","categories":["Supermercado","Alimentación General","Sal","Sal","MALDON escamas de sal marina paquete 250 g"],"general_information":["Denominación del alimento: Sal","Nombre del operador: Codina Aliments, S.L.","Dirección del operador: Indústria Polígono Industrial Sur de Papiol, 45, 08754, El Papiol (Barcelona)","Cantidad Neta: 250 g"],"ingredients":[" Puros cristales de sal marina no contienen ni aditivos, ni almidón ni azucares."],"conservation":" Manteniendo en lugar seco.","ean":"5011428100048"},{"full_name":"MALDON escamas de sal marina ahumada caja 125 g","name":"escamas de sal marina ahumada caja 125 g","brand":"MALDON ","img":"https://sgfm.elcorteingles.es/SGFM/dctm/MEDIA02/CONTENIDOS/201503/17/00120902300688____1__600x600.jpg","price":"3,78 €","price_unit":"(30,24 € / Kilo)","categories":["Supermercado","Alimentación General","Sal","Sal","MALDON escamas de sal marina ahumada caja 125 g"],"general_information":["Denominación del alimento: Sal Ahumada","Nombre del operador: Codina Aliments, S.L.","Dirección del operador: Indústria Polígono Industrial Sur de Papiol, 45, 08754, El Papiol (Barcelona)","Cantidad Neta: 125 g"],"ingredients":[" Escamas ahumadas de sal marina sin ningún aditivo. Para el ahumado, se ha utilizado principalmente una mezcla de diferentes robles."],"conservation":" Manteniendo en lugar seco.","ean":"5011428300028"},{"full_name":"MALDON escamas de sal marina caja 125 g","name":"escamas de sal marina caja 125 g","brand":"MALDON ","img":"https://sgfm.elcorteingles.es/SGFM/dctm/MEDIA02/CONTENIDOS/201503/17/00120902300696____1__600x600.jpg","price":"2,14 €","price_unit":"(17,12 € / Kilo)","categories":["Supermercado","Alimentación General","Sal","Sal","MALDON escamas de sal marina caja 125 g"],"general_information":["Denominación del alimento: Sal","Nombre del operador: Codina Aliments, S.L.","Dirección del operador: Indústria Polígono Industrial Sur de Papiol, 45, 08754, El Papiol (Barcelona)","Cantidad Neta: 125 g"],"ingredients":[" Puros cristales de sal marina no contienen ni aditivos, ni almidón ni azucares."],"conservation":" Manteniendo en lugar seco.","ean":"5011428300035"},{"full_name":"PERELADA GOURMET sal rosa del Himalaya estuche 250 g","name":"sal rosa del Himalaya estuche 250 g","brand":"PERELADA GOURMET ","img":"https://sgfm.elcorteingles.es/SGFM/00/23/3/0120902300233/0120902300233000g01011.jpg","price":"3,43 €","price_unit":"(13,72 € / Kilo)","categories":["Supermercado","Alimentación General","Sal","Sal","PERELADA GOURMET sal rosa del Himalaya estuche 250 g"],"general_information":["Denominación del alimento: Sal del Himalaya","País de origen: Pakistán","Nombre del operador: PECOMSA","Dirección del operador: C/ Motores, 138 - 08038 Barcelona","Lugar de procedencia del alimento: Himalaya","Cantidad Neta: 250 g"],"ingredients":[" Sal"],"ean":"8430337500232"},{"full_name":"SAL FOSSIL pétalos de sal tarrina 300 g","name":"pétalos de sal tarrina 300 g","brand":"SAL FOSSIL ","img":"https://sgfm.elcorteingles.es/SGFM/00/18/3/0120902300183/0120902300183000g01011.jpg","price":"4,82 €","price_unit":"(16,07 € / Kilo)","categories":["Supermercado","Alimentación General","Sal","Sal","SAL FOSSIL pétalos de sal tarrina 300 g"],"general_information":["Denominación del alimento: Sal de Manantial en Escamas","Nombre del operador: Lancaster Plus, S.L.U.","Dirección del operador: Pol. Ind. Cova Solera - C/ Londres, 2, 08191 - Rubí (Barcelona)","Lugar de procedencia del alimento: Denominación de Origen de Villena y Sierra Nevada","Cantidad Neta: 300 g","Otras menciones obligatorias en la etiqueta: Sin Gluten. No contiene ni está producido a partir de organismos modificados genéticamente."],"ingredients":[" Sal de manantial."],"conservation":" Conservar cerrado, preferentemente, en un lugar limpio, fresco y seco a temperatura ambiente.","ean":"8436029930134"},{"full_name":"DUCROS molinillo ajustable Sal de Mar aparato 60 g","name":"molinillo ajustable Sal de Mar aparato 60 g","brand":"DUCROS ","img":"https://sgfm.elcorteingles.es/SGFM/dctm/MEDIA03/201610/19/00120945103347____1__600x600.jpg","price":"2,42 €            ","price_unit":"(37,17 € / Kilo)","categories":["Supermercado","Alimentación General","Sal","Sal","DUCROS molinillo ajustable Sal de Mar aparato 60 g"],"general_information":["Denominación del alimento: molinillo ajustable","País de origen: Francia","Nombre del operador: McCormick España, S.A.","Dirección del operador: Av. Francesc Macià, 38 p. 11\n08208 Sadabell","Cantidad Neta: 0.060 Kilogramos"],"ingredients":[" INGREDIENTE: Sal marina del Mediterráneo."],"conservation":" Conservar alejado de la luz, del calor y\nde la humedad.","ean":"3166298907708"},{"full_name":"MOLI DE POMERI sal rosa del Himalaya estuche 250 g","name":"sal rosa del Himalaya estuche 250 g","brand":"MOLI DE POMERI ","img":"https://sgfm.elcorteingles.es/SGFM/00/24/1/0120902300241/0120902300241000g01011.jpg","price":"3,74 €","price_unit":"(14,96 € / Kilo)","categories":["Supermercado","Alimentación General","Sal","Sal","MOLI DE POMERI sal rosa del Himalaya estuche 250 g"],"general_information":["Denominación del alimento: Sal Rosa","Nombre del operador: Selfoods SAU","Dirección del operador: El Rebato s/n 08739 SUBIRATS (Barcelona)","Cantidad Neta: 250 g"],"ingredients":[" Sal Rosa del Himalaya 98%, rica en minerales y oligoelementos (calcio, magnesio, hierro y potasio)."],"conservation":" Es conveniente almacenar en lugar seco y resguardado de la luz solar. Una vez abierto recomendamos guardar en el frigorífico y consumir en un período no superior a 3 semanas.","ean":"8437003414633"},{"full_name":"SALT & MORE bloque de sal de Persia envase 1,1 kg","name":"bloque de sal de Persia envase 1,1 kg","brand":"SALT & MORE ","img":"https://sgfm.elcorteingles.es/SGFM/dctm/MEDIA03/201603/14/00120902300852____1__600x600.jpg","price":"6,55 €","price_unit":"(5,95 € / Kilo)","categories":["Supermercado","Alimentación General","Sal","Sal","SALT & MORE bloque de sal de Persia envase 1,1 kg"],"general_information":[],"ingredients":[],"ean":"9120046477749"},{"full_name":"ROCA sal especial para preparar dorada y lubina paquete 1,5 kg","name":"sal especial para preparar dorada y lubina paquete 1,5 kg","brand":"ROCA ","img":"https://sgfm.elcorteingles.es/SGFM/00/12/6/0120902300126/0120902300126000g01011.jpg","price":"3,12 €","price_unit":"(2,08 € / Kilo)","categories":["Supermercado","Alimentación General","Sal","Sal","ROCA sal especial para preparar dorada y lubina paquete 1,5 kg"],"general_information":["Denominación del alimento: Sal Especial Lubina y Dorada","Nombre del operador: Daniel Carpeño E Hijos S.L.","Dirección del operador: Hormigueras Polígono Industrial Coop Vallecas, 155, 28031, Madrid (Madrid)","Cantidad Neta: 1.5 Kilogramos"],"ingredients":[" Sal, esencia de humo y algas."],"conservation":" Lugar  fresco y seco","ean":"8410798000144"},{"full_name":"ROCA sal especial para preparar salmón ahumado paquete 1 kg","name":"sal especial para preparar salmón ahumado paquete 1 kg","brand":"ROCA ","img":"https://sgfm.elcorteingles.es/SGFM/00/09/2/0120902300092/0120902300092000g01011.jpg","price":"2,67 €","price_unit":"(2,67 € / Kilo)","categories":["Supermercado","Alimentación General","Sal","Sal","ROCA sal especial para preparar salmón ahumado paquete 1 kg"],"general_information":["Denominación del alimento: Sal Especial Salmon Ahumado","Nombre del operador: Daniel Carpeño E Hijos S.L.","Dirección del operador: Hormigueras Polígono Industrial Coop Vallecas, 155, 28031, Madrid (Madrid)","Cantidad Neta: 1 Kilogramos"],"ingredients":[" Sal, azúcar, bicarbonato y esencia de humo."],"conservation":" Lugar  fresco y seco","ean":"8410798000106"},{"full_name":"ROCA sal baja en sodio en sobres envase 60 g","name":"sal baja en sodio en sobres envase 60 g","brand":"ROCA ","img":"https://sgfm.elcorteingles.es/SGFM/00/51/4/0120902300514/0120902300514000g01011.jpg","price":"1,24 €","price_unit":"(20,67 € / Kilo)","categories":["Supermercado","Alimentación General","Sal","Sal","ROCA sal baja en sodio en sobres envase 60 g"],"general_information":["Denominación del alimento: Sal baja en Sodio","Nombre del operador: Daniel Carpeño E Hijos S.L.","Dirección del operador: Hormigueras Polígono Industrial Coop Vallecas, 155, 28031, Madrid (Madrid)","Cantidad Neta: 60 g"],"ingredients":[" 50%Cloruro Sodico, 44,5%Cloruro de Potasio,4%Sulfato magnesico,1%Carbonato de Calcio,0,5% Carbonato acido de magnesio"],"conservation":" Lugar  fresco y seco","ean":"8410798000397"},{"full_name":"FOSSIL RIVER sal con especias para pescado a la grille o a la barbacoa envase 150 g","name":"sal con especias para pescado a la grille o a la barbacoa envase 150 g","brand":"FOSSIL RIVER ","img":"https://sgfm.elcorteingles.es/SGFM/00/36/5/0120902300365/0120902300365000g01011.jpg","price":"0,25 €","price_unit":"(1,67 € / Kilo)","categories":["Supermercado","Alimentación General","Sal","Sal","FOSSIL RIVER sal con especias para pescado a la grille o a la barbacoa envase 150 g"],"general_information":["Denominación del alimento: Condimento preparado","Nombre del operador: Lancaster Plus, S.L.U.","Dirección del operador: PG Cova Solera - CL Londres, 2, 08191 - Rubí (Barcelona) España","Lugar de procedencia del alimento: Denominación de Origen de Villena y Sierra Nevada","Cantidad Neta: 150 g","Otras menciones obligatorias en la etiqueta: Sin Gluten. No contiene ni está producido a partir de organismos modificados genéticamente."],"ingredients":[" Sal de manantial, limón corteza, albahaca."],"conservation":" Conservar cerrado, preferentemente, en un lugar limpio, fresco y seco a temperatura ambiente.","ean":"8436029930646"},{"full_name":"FOSSIL RIVER sal rosada del Himalaya envase 150 g","name":"sal rosada del Himalaya envase 150 g","brand":"FOSSIL RIVER ","img":"https://sgfm.elcorteingles.es/SGFM/00/41/5/0120902300415/0120902300415000g01011.jpg","price":"3,41 €","price_unit":"(22,73 € / Kilo)","categories":["Supermercado","Alimentación General","Sal","Sal","FOSSIL RIVER sal rosada del Himalaya envase 150 g"],"general_information":["Denominación del alimento: Sal mineral","Nombre del operador: Lancaster Plus, S.L.U.","Dirección del operador: Pol. Ind. Cova Solera - C/ Londres, 2, 08191 - Rubí (Barcelona)","Lugar de procedencia del alimento: Denominación de Origen de Villena y Sierra Nevada","Cantidad Neta: 150 g","Otras menciones obligatorias en la etiqueta: Sin Gluten. No contiene ni está producido a partir de organismos modificados genéticamente."],"ingredients":[" Sal de roca"],"conservation":" Conservar cerrado, preferentemente, en un lugar limpio, fresco y seco a temperatura ambiente.","ean":"8436029930608"},{"full_name":"FOSSIL RIVER sal negra del Himalaya envase 150 g","name":"sal negra del Himalaya envase 150 g","brand":"FOSSIL RIVER ","img":"https://sgfm.elcorteingles.es/SGFM/00/42/3/0120902300423/0120902300423000g01011.jpg","price":"3,41 €","price_unit":"(22,73 € / Kilo)","categories":["Supermercado","Alimentación General","Sal","Sal","FOSSIL RIVER sal negra del Himalaya envase 150 g"],"general_information":["Denominación del alimento: Sal mineral","Nombre del operador: Lancaster Plus, S.L.U.","Dirección del operador: Pol. Ind. Cova Solera - C/ Londres, 2, 08191 - Rubí (Barcelona)","Lugar de procedencia del alimento: Denominación de Origen de Villena y Sierra Nevada","Cantidad Neta: 150 g","Otras menciones obligatorias en la etiqueta: Sin Gluten. No contiene ni está producido a partir de organismos modificados genéticamente."],"ingredients":[" Sal de roca"],"conservation":" Conservar cerrado, preferentemente, en un lugar limpio, fresco y seco a temperatura ambiente.","ean":"8436029930622"},{"full_name":"FALKSALT escamas de sal al natural bote 125 g","name":"escamas de sal al natural bote 125 g","brand":"FALKSALT ","img":"https://sgfm.elcorteingles.es/SGFM/00/52/2/0120902300522/0120902300522000g01011.jpg","price":"3,32 €","price_unit":"(26,56 € / Kilo)","categories":["Supermercado","Alimentación General","Sal","Sal","FALKSALT escamas de sal al natural bote 125 g"],"general_information":["Denominación del alimento: Sal Natural","Nombre del operador: Selfoods SAU","Dirección del operador: El Rebato s/n 08739 SUBIRATS (Barcelona)","Cantidad Neta: 125 g"],"ingredients":[" Escamas Sal Marina 98%"],"conservation":" Mantener en lugar seco.","ean":"7311631410032"},{"full_name":"FALKSALT escamas de sal negra bote 125 g","name":"escamas de sal negra bote 125 g","brand":"FALKSALT ","img":"https://sgfm.elcorteingles.es/SGFM/00/54/8/0120902300548/0120902300548000g01011.jpg","price":"3,21 €","price_unit":"(25,68 € / Kilo)","categories":["Supermercado","Alimentación General","Sal","Sal","FALKSALT escamas de sal negra bote 125 g"],"general_information":["Denominación del alimento: Sal Negra","Nombre del operador: Selfoods SAU","Dirección del operador: El Rebato s/n 08739 SUBIRATS (Barcelona)","Cantidad Neta: 125 g"],"ingredients":[" Sal (98% cloruro sódico). Carbón Vegetal."],"conservation":" Mantener en lugar seco.","ean":"7311631414030"},{"full_name":"FALKSALT escamas de sal a las setas silvestres bote 125 g","name":"escamas de sal a las setas silvestres bote 125 g","brand":"FALKSALT ","img":"https://sgfm.elcorteingles.es/SGFM/00/56/3/0120902300563/0120902300563000g01011.jpg","price":"3,37 €","price_unit":"(26,96 € / Kilo)","categories":["Supermercado","Alimentación General","Sal","Sal","FALKSALT escamas de sal a las setas silvestres bote 125 g"],"general_information":["Denominación del alimento: Sal a las setas","Nombre del operador: Selfoods SAU","Dirección del operador: El Rebato s/n 08739 SUBIRATS (Barcelona)","Cantidad Neta: 125 g"],"ingredients":[" Sal (98% cloruro sódico). Aroma de boletus y boletus."],"conservation":" Mantener en lugar seco.","ean":"7311631416034"},{"full_name":"SALDIETA sal baja en sodio con yodo bote 500 g","name":"sal baja en sodio con yodo bote 500 g","brand":"SALDIETA ","img":"https://sgfm.elcorteingles.es/SGFM/00/03/5/0120902300035/0120902300035000g01011.jpg","price":"5,99 €","price_unit":"(11,98 € / Kilo)","categories":["Supermercado","Alimentación General","Sal","Sal","SALDIETA sal baja en sodio con yodo bote 500 g"],"general_information":["Denominación del alimento: Sal dietética hiposódica con yodo.","Nombre del operador: VELDIS, S.A.","Dirección del operador: C/Puerto de Navacerrada, 59, 28935 Móstoles (Madrid).","Cantidad Neta: 500 g"],"ingredients":[" Cloruro de potasio, cloruro sódico, sulfato de magnesio, carbonato de magnesio, antiaglomerante: dióxido de silicio, yodato de potasio."],"conservation":" Conservar en lugar fresco y seco. Puede ser utilizada en dietas que requieran bajo consumo de sodio. Usar el producto como alternativa a la sal común para sazonar las comidas.","ean":"8000309060738"},{"full_name":"NATURGREEN sal rosa del Himalaya fina envase 1 kg","name":"sal rosa del Himalaya fina envase 1 kg","brand":"NATURGREEN ","img":"https://sgfm.elcorteingles.es/SGFM/dctm/MEDIA03/201711/17/00120711400224____2__600x600.jpg","price":"4,15 €","categories":["Supermercado","Alimentación General","Sal","Sal","NATURGREEN sal rosa del Himalaya fina envase 1 kg"],"general_information":["Denominación del alimento: Sal del Himalaya Fina","Nombre del operador: Laboratorios Almond SL","Dirección del operador: Avda. Cabecicos Blancos, Parcela 18 2.B. Parque empresarial Cabecicos Blancos 30892 - Librilla, Murcia (Spain)","Cantidad Neta: 1000 g"],"ingredients":[" Sal rosa del Himalaya (100%). Este producto se fabrica en una planta donde se manipulan frutos secos, soja y sésamo."],"conservation":" Conservar en lugar fresco y seco.","ean":"8436542192200"},{"full_name":"NATURGREEN sal rosa del Himalaya gruesa envase 500 g","name":"sal rosa del Himalaya gruesa envase 500 g","brand":"NATURGREEN ","img":"https://sgfm.elcorteingles.es/SGFM/dctm/MEDIA03/201711/17/00120711400232____2__600x600.jpg","price":"2,75 €","categories":["Supermercado","Alimentación General","Sal","Sal","NATURGREEN sal rosa del Himalaya gruesa envase 500 g"],"general_information":["Denominación del alimento: Sal del Himalaya Gruesa","Nombre del operador: Laboratorios Almond SL","Dirección del operador: Avda. Cabecicos Blancos, Parcela 18 2.B. Parque empresarial Cabecicos Blancos 30892 - Librilla, Murcia (Spain)","Cantidad Neta: 500 g"],"ingredients":[" Sal rosa del Himalaya (100%). Este producto se fabrica en una planta donde se manipulan frutos secos, soja y sésamo."],"conservation":" Conservar en lugar fresco y seco.","ean":"8436542192156"},{"full_name":"POLASAL sal fina de cocina y mesa bolsa 1 kg","name":"sal fina de cocina y mesa bolsa 1 kg","brand":"POLASAL ","img":"https://sgfm.elcorteingles.es/SGFM/00/03/8/0120904500038/0120904500038000g01011.jpg","price":"0,29 €","price_unit":"(0,29 € / Kilo)","categories":["Supermercado","Alimentación General","Sal","Sal","POLASAL sal fina de cocina y mesa bolsa 1 kg"],"general_information":[],"ingredients":[],"ean":"8411433095105"},{"full_name":"LE SAUNIER DE CAMARGUE Flor de Sal bote 125 g","name":"Flor de Sal bote 125 g","brand":"LE SAUNIER DE CAMARGUE ","img":"https://sgfm.elcorteingles.es/SGFM/dctm/MEDIA02/CONTENIDOS/201411/19/00120902300290____1__600x600.jpg","price":"3,24 €","price_unit":"(25,92 € / Kilo)","categories":["Supermercado","Alimentación General","Sal","Sal","LE SAUNIER DE CAMARGUE Flor de Sal bote 125 g"],"general_information":["Denominación del alimento: Flor de Sal","Nombre del operador: Unión Salinera De España, S.A.","Dirección del operador: C/ Albasanz, 16 2° planta 28037 Madrid","Lugar de procedencia del alimento: Camargue","Cantidad Neta: 125 g"],"ingredients":[" Sal marina"],"conservation":" Conservar en lugar seco","ean":"3183280003491"},{"full_name":"ARANCA sal 0% sodio especial para hipertensos bote 250 g","name":"sal 0% sodio especial para hipertensos bote 250 g","brand":"ARANCA ","img":"https://sgfm.elcorteingles.es/SGFM/dctm/MEDIA02/CONTENIDOS/201512/01/00120902300753____1__600x600.jpg","price":"2,44 €","categories":["Supermercado","Alimentación General","Sal","Sal","ARANCA sal 0% sodio especial para hipertensos bote 250 g"],"general_information":["Denominación del alimento: Sal Para Hipertensos","Nombre del operador: Selfoods SAU","Dirección del operador: El Rebato s/n 08739 SUBIRATS (Barcelona)","Cantidad Neta: 250 g"],"ingredients":[" Cloruro potásico."],"conservation":" Mantener en lugar seco.","ean":"8436021664235"},{"full_name":"LA BALLENA sal marina fina yodada envase 500 g","name":"sal marina fina yodada envase 500 g","brand":"LA BALLENA ","img":"https://sgfm.elcorteingles.es/SGFM/dctm/MEDIA02/CONTENIDOS/201510/23/00120902300746____1__600x600.jpg","price":"1,63 €","price_unit":"(3,26 € / Kilo)","categories":["Supermercado","Alimentación General","Sal","Sal","LA BALLENA sal marina fina yodada envase 500 g"],"general_information":["Denominación del alimento: Sal Marina Fina Yodo","Nombre del operador: Unión Salinera De España, S.A.","Dirección del operador: C/ Albasanz, 16 2° planta 28037 Madrid","Lugar de procedencia del alimento: Parques Naturales del Mar Mediterraneo","Cantidad Neta: 500 g"],"ingredients":[" Sal marina, yoduro potásico (60mg/kg +/- 15% expresado en yodo), antiaglomerante : E-535 (10 mg/kg máx. expresado en ión ferrocianuro)"],"conservation":" Conservar en lugar seco","ean":"8412634105426"},{"full_name":"SALT & MORE sal marina blanca envase 170 g","name":"sal marina blanca envase 170 g","brand":"SALT & MORE ","img":"https://sgfm.elcorteingles.es/SGFM/dctm/MEDIA03/201603/23/00120902300779____1__600x600.jpg","price":"5,49 €","price_unit":"(32,29 € / Kilo)","categories":["Supermercado","Alimentación General","Sal","Sal","SALT & MORE sal marina blanca envase 170 g"],"general_information":[],"ingredients":[],"ean":"9120046473772"},{"full_name":"SALT & MORE sal Himalaya envase 170 g","name":"sal Himalaya envase 170 g","brand":"SALT & MORE ","img":"https://sgfm.elcorteingles.es/SGFM/dctm/MEDIA03/201603/23/00120902300787____1__600x600.jpg","price":"5,49 €","price_unit":"(32,29 € / Kilo)","categories":["Supermercado","Alimentación General","Sal","Sal","SALT & MORE sal Himalaya envase 170 g"],"general_information":[],"ingredients":[],"ean":"9120046473789"},{"full_name":"SALT & MORE sal con especial ibéricas envase 130 g","name":"sal con especial ibéricas envase 130 g","brand":"SALT & MORE ","img":"https://sgfm.elcorteingles.es/SGFM/dctm/MEDIA03/201603/23/00120902300803____1__600x600.jpg","price":"4,49 €","price_unit":"(34,54 € / Kilo)","categories":["Supermercado","Alimentación General","Sal","Sal","SALT & MORE sal con especial ibéricas envase 130 g"],"general_information":[],"ingredients":[],"ean":"9120046473802"},{"full_name":"SALT & MORE mezcla de especias y sal para barbacoa envase 120 g","name":"mezcla de especias y sal para barbacoa envase 120 g","brand":"SALT & MORE ","img":"https://sgfm.elcorteingles.es/SGFM/dctm/MEDIA03/201603/23/00120902300795____1__600x600.jpg","price":"4,99 €","price_unit":"(41,58 € / Kilo)","categories":["Supermercado","Alimentación General","Sal","Sal","SALT & MORE mezcla de especias y sal para barbacoa envase 120 g"],"general_information":[],"ingredients":[],"ean":"9120046473796"},{"full_name":"SAL DE AÑANA sal mineral estuche 250 g","name":"sal mineral estuche 250 g","brand":"SAL DE AÑANA ","img":"https://sgfm.elcorteingles.es/SGFM/dctm/MEDIA03/201603/28/00120902300324____1__600x600.jpg","price":"2,93 €","price_unit":"(11,72 € / Kilo)","categories":["Supermercado","Alimentación General","Sal","Sal","SAL DE AÑANA sal mineral estuche 250 g"],"general_information":["Denominación del alimento: Sal mineral","Nombre del operador: Fundación Valle Salado de añana- Añanako Gatz Harana Fundazioa","Dirección del operador: Pza. D. Miguel Diaz de Tuesta 2, 01426 Álava","Cantidad Neta: 250 g","Otras menciones obligatorias en la etiqueta: Contiene minerales y oligoelementos gracias a no ser tratadas industrialmente."],"ingredients":[" Sal"],"conservation":" Consérvese en lugar fresco y seco","ean":"8437011586032"}]