[{"full_name":"EL CORTE INGLES tomate frito elaborado con tomates del Valle Del Ebro pack 3 envases 400 g","name":"tomate frito elaborado con tomates del Valle Del Ebro pack 3 envases 400 g","brand":"EL CORTE INGLES ","img":"https://sgfm.elcorteingles.es/SGFM/dctm/MEDIA03/201703/16/00118043501818____2__600x600.jpg","price":"1,59 €","price_unit":"(1,32 € / Kilo)","categories":["Supermercado","Alimentación General","Conservas vegetales","Tomate frito","EL CORTE INGLES tomate frito elaborado con tomates del Valle Del Ebro pack 3 envases 400 g"],"general_information":["Nombre del operador: Elaborado para El Corte Inglés por \nIndustrias Alimentarias de Navarra, S.A.U.\nPeñalfons, s/n \n31330 Villafranca ? Navarra\nEspaña","Cantidad Neta: 400 g","Número de raciones por envase: 13"],"ingredients":[" Ingredientes: tomate ( 160 g de tomate por 100 g de producto ), aceite de girasol, cebolla, azúcar, sal y acidulante: ácido cítrico."],"conservation":" Una vez abierto el envase, conservar refrigerado y consumir en un plazo inferior a 3 días.","ean":"8433329033503"},{"full_name":"EL CORTE INGLES tomate frito de cosecha con aceite de oliva pack 4 frasco 350 g","name":"tomate frito de cosecha con aceite de oliva pack 4 frasco 350 g","brand":"EL CORTE INGLES ","img":"https://sgfm.elcorteingles.es/SGFM/dctm/MEDIA03/201603/11/00118043501495____2__600x600.jpg","price":"4,95 €","price_unit":"(3,54 € / Kilo)","categories":["Supermercado","Alimentación General","Conservas vegetales","Tomate frito","EL CORTE INGLES tomate frito de cosecha con aceite de oliva pack 4 frasco 350 g"],"general_information":["Denominación del alimento: Tomate Frito","Nombre del operador: Elaborado para El Corte Inglés por \nIndustrias del Bierzo, S.A.\nSan Roque s/n\n24549 Carracedelo (León)\nEspaña","Cantidad Neta: 350 g"],"ingredients":[" Ingredientes: Tomate (86%), cebolla (5%), aceite de oliva (3%), azúcar, almidón modificado de maíz y sal."],"conservation":" Conservar en frigorífico un máximo de 5 días","ean":"8433329053860"},{"full_name":"EL CORTE INGLES tomate frito cosecha con aceite de oliva pack ahorro 4 frasco 350 g","name":"tomate frito cosecha con aceite de oliva pack ahorro 4 frasco 350 g","brand":"EL CORTE INGLES ","img":"https://sgfm.elcorteingles.es/SGFM/dctm/MEDIA03/201603/11/00118043501263____3__600x600.jpg","price":"4,75 €","price_unit":"(3,39 € / Kilo)","categories":["Supermercado","Alimentación General","Conservas vegetales","Tomate frito","EL CORTE INGLES tomate frito cosecha con aceite de oliva pack ahorro 4 frasco 350 g"],"general_information":["Denominación del alimento: Tomate Frito","Nombre del operador: Elaborado para El Corte Inglés por \nIndustrias del Bierzo, S.A.\nSan Roque s/n\n24549 Carracedelo (León)\nEspaña","Cantidad Neta: 350 g"],"ingredients":[" Ingredientes: Tomate (86%), cebolla (5%), aceite de oliva (3%), azúcar, almidón modificado de maíz y sal."],"conservation":" Conservar en frigorífico un máximo de 5 días","ean":"8433329053853"},{"full_name":"EL CORTE INGLES tomate frito cosecha con aceite de oliva frasco 350 g","name":"tomate frito cosecha con aceite de oliva frasco 350 g","brand":"EL CORTE INGLES ","img":"https://sgfm.elcorteingles.es/SGFM/dctm/MEDIA03/201603/11/00118043500281____2__600x600.jpg","price":"1,30 €","price_unit":"(3,71 € / Kilo)","categories":["Supermercado","Alimentación General","Conservas vegetales","Tomate frito","EL CORTE INGLES tomate frito cosecha con aceite de oliva frasco 350 g"],"general_information":["Denominación del alimento: Tomate Frito","Nombre del operador: Elaborado para El Corte Inglés por \nIndustrias del Bierzo, S.A.\nSan Roque s/n\n24549 Carracedelo (León)\nEspaña","Cantidad Neta: 350 g"],"ingredients":[" Ingredientes: Tomate (86%), cebolla (5%), aceite de oliva (3%), azúcar, almidón modificado de maíz y sal."],"conservation":" Conservar en frigorífico un máximo de 5 días","ean":"8433329055383"},{"full_name":"EL CORTE INGLES tomate frito sin azúcares añadidos frasco 560 g neto escurrido","name":"tomate frito sin azúcares añadidos frasco 560 g neto escurrido","brand":"EL CORTE INGLES ","img":"https://sgfm.elcorteingles.es/SGFM/dctm/MEDIA03/201609/22/00118043502030____2__600x600.jpg","price":"0,90 €","price_unit":"(1,61 € / Kilo)","categories":["Supermercado","Alimentación General","Conservas vegetales","Tomate frito","EL CORTE INGLES tomate frito sin azúcares añadidos frasco 560 g neto escurrido"],"general_information":["Denominación del alimento: Tomate frito sin azúcares añadidos. Contiene azúcares naturalmente presentes.","Nombre del operador: Elaborado para El Corte Inglés por \nIndustrias Alimentarias de Navarra, S.A.U.\nPeñalfons, s/n \n31330 Villafranca ? Navarra\nEspaña","Cantidad Neta: 560 g"],"ingredients":[" Ingredientes: Tomate (140g de tomate por 100g de producto), aceite de girasol, almidón modificado de maíz, verduras (cebolla y ajo), sal y acidulante: ácido cítrico."],"conservation":" Conservar en lugar fresco y seco. Después de abrir, conservar en frigorífico y consumir en un plazo inferior a 3 días.","ean":"8433329071000"},{"full_name":"ALIADA tomate frito pack 3 envases 210 g","name":"tomate frito pack 3 envases 210 g","brand":"ALIADA ","img":"https://sgfm.elcorteingles.es/SGFM/dctm/MEDIA02/CONTENIDOS/201408/25/00118043501792____1__600x600.jpg","price":"0,82 €","price_unit":"(1,30 € / Kilo)","categories":["Supermercado","Alimentación General","Conservas vegetales","Tomate frito","ALIADA tomate frito pack 3 envases 210 g"],"general_information":["Nombre del operador: Elaborado para el\nGrupo El Corte Inglés\nHermosilla, 112 - 28009 Madrid - España\npor NIF: A31204175","Cantidad Neta: 210 g","Número de raciones por envase: 7 de 30 g"],"ingredients":[" Ingredientes: Tomate ( 140 g de tomate por 100 g de producto ), aceite de girasol, almidón modificado de maíz, verduras (cebolla y ajo), azúcar,sal y acidulante: ácido cítrico."],"conservation":" Conservar en lugar fresco y seco. Una vez abierto el envase, conservar refrigerado y consumir en un plazo inferior a 3 días.","ean":"8433329034524"},{"full_name":"ALIADA tomate frito pack 3 envases 400 g","name":"tomate frito pack 3 envases 400 g","brand":"ALIADA ","img":"https://sgfm.elcorteingles.es/SGFM/dctm/MEDIA02/CONTENIDOS/201408/25/00118043501800____1__600x600.jpg","price":"1,05 €","price_unit":"(0,88 € / Kilo)","categories":["Supermercado","Alimentación General","Conservas vegetales","Tomate frito","ALIADA tomate frito pack 3 envases 400 g"],"general_information":["Nombre del operador: Elaborado para el\nGrupo El Corte Inglés\nHermosilla, 112 - 28009 Madrid - España\npor NIF: A31204175","Cantidad Neta: 400 g","Número de raciones por envase: 13  de 30 g"],"ingredients":[" Ingredientes: Tomate ( 140 g de tomate por 100 g de producto ), aceite de girasol, almidón modificado de maíz, verduras (cebolla y ajo), azúcar,sal y acidulante: ácido cítrico."],"conservation":" Conservar en lugar fresco y seco. Una vez abierto el envase, conservar refrigerado y consumir en un plazo inferior a 3 días.","ean":"8433329033527"},{"full_name":"ALIADA tomate frito envase 400 g","name":"tomate frito envase 400 g","brand":"ALIADA ","img":"https://sgfm.elcorteingles.es/SGFM/dctm/MEDIA02/CONTENIDOS/201408/25/00118043501297____1__600x600.jpg","price":"0,46 €","price_unit":"(1,15 € / Kilo)","categories":["Supermercado","Alimentación General","Conservas vegetales","Tomate frito","ALIADA tomate frito envase 400 g"],"general_information":["Nombre del operador: Elaborado para el\nGrupo El Corte Inglés\nHermosilla, 112   28009 Madrid - España\npor NIF: A31204175","Cantidad Neta: 400 g","Número de raciones por envase: 13 de 30 g"],"ingredients":[" Ingredientes: Tomate ( 140 g de tomate por 100 g de producto ), aceite de girasol, almidón modificado de maíz, verduras (cebolla y ajo), azúcar,sal y acidulante: ácido cítrico."],"conservation":" Conservar en lugar fresco y seco. Una vez abierto el envase, conservar refrigerado y consumir en un plazo inferior a 3 días.","ean":"8433329013390"},{"full_name":"ORLANDO tomate frito con aceite de oliva virgen extra pack 3 envases 210 g","name":"tomate frito con aceite de oliva virgen extra pack 3 envases 210 g","brand":"ORLANDO ","img":"https://sgfm.elcorteingles.es/SGFM/dctm/MEDIA02/CONTENIDOS/201408/25/00118043501727____1__600x600.jpg","price":"2,10 €","price_unit":"(3,33 € / Kilo)","categories":["Supermercado","Alimentación General","Conservas vegetales","Tomate frito","ORLANDO tomate frito con aceite de oliva virgen extra pack 3 envases 210 g"],"general_information":["Denominación del alimento: Tomate Frito","Nombre del operador: H.J. Heinz Foods Spin S.L.","Dirección del operador: Ctra. Rincón de Soto-Corello km 2,8. 26540 Alfaro (La Rioja)","Cantidad Neta: 630 g"],"ingredients":[" Tomate (170 g por 100 g de tomate frito), aceite de oliva virgen extra (3,5%), (sofrito con cebollas y ajos frescos), azúcar, sal y fibra. Contiene cebolla."],"conservation":" Conservar en lugar fresco y seco. Una vez abierto, conservar en frigorifíco y consumir antes de 5 días.","ean":"8410066115723"},{"full_name":"ORLANDO tomate frito pack 6 envase 350 g","name":"tomate frito pack 6 envase 350 g","brand":"ORLANDO ","img":"https://sgfm.elcorteingles.es/SGFM/01/91/7/0118043501917/0118043501917000g01011.jpg","price":"3,75 €","price_unit":"(1,79 € / Kilo)","categories":["Supermercado","Alimentación General","Conservas vegetales","Tomate frito","ORLANDO tomate frito pack 6 envase 350 g"],"general_information":["Denominación del alimento: Tomate Frito","Nombre del operador: H.J. Heinz Foods Spin S.L.","Dirección del operador: Ctra. Rincón de Soto-Corello km 2,8. 26540 Alfaro (La Rioja)","Cantidad Neta: 2,1 Kilogramos"],"ingredients":[" Tomate (160 g por 100 g de tomate frito), aceite de girasol (3,4%), (sofrito con cebollas y ajos frescos), azúcar, almidón modificado de maiz y sal. Contiene cebolla"],"conservation":" Conservar en lugar fresco y seco. Una vez abierto, conservar en frigorifíco y consumir antes de 5 días.","ean":"8410066115884"},{"full_name":"ORLANDO tomate frito con aceite de oliva virgen extra envase 780 g","name":"tomate frito con aceite de oliva virgen extra envase 780 g","brand":"ORLANDO ","img":"https://sgfm.elcorteingles.es/SGFM/01/71/6/0200143501716/0200143501716000g01011.jpg","price":"2,10 €","price_unit":"(2,69 € / Kilo)","categories":["Supermercado","Alimentación General","Conservas vegetales","Tomate frito","ORLANDO tomate frito con aceite de oliva virgen extra envase 780 g"],"general_information":["Denominación del alimento: Tomate Frito","Nombre del operador: H.J. Heinz Foods Spin S.L.","Dirección del operador: Ctra. Rincón de Soto-Corello km 2,8. 26540 Alfaro (La Rioja)","Cantidad Neta: 780 g"],"ingredients":[" Tomate (170 g por 100 g de tomate frito), aceite de oliva virgen extra (3,5%), (sofrito con cebollas y ajos frescos), azúcar, sal y fibra. Contiene cebolla."],"conservation":" Conservar en lugar fresco y seco. Una vez abierto, conservar en frigorifíco y consumir antes de 5 días.","ean":"8410066109043"},{"full_name":"ORLANDO tomate frito con abre fácil envase 780 g","name":"tomate frito con abre fácil envase 780 g","brand":"ORLANDO ","img":"https://sgfm.elcorteingles.es/SGFM/dctm/MEDIA02/CONTENIDOS/201408/25/00118043500356____1__600x600.jpg","price":"1,25 €","price_unit":"(1,60 € / Kilo)","categories":["Supermercado","Alimentación General","Conservas vegetales","Tomate frito","ORLANDO tomate frito con abre fácil envase 780 g"],"general_information":["Denominación del alimento: Tomate Frito","Nombre del operador: H.J. Heinz Foods Spin S.L.","Dirección del operador: Ctra. Rincón de Soto-Corello km 2,8. 26540 Alfaro (La Rioja)","Cantidad Neta: 780 g"],"ingredients":[" Tomate (160 g por 100 g de tomate frito), aceite de girasol (3,4%), (sofrito con cebollas y ajos frescos), azúcar, almidón modificado de maiz y sal. Contiene maíz, cebolla y aceite de soja."],"conservation":" Conservar en lugar fresco y seco. Una vez abierto, conservar en frigorifíco y consumir antes de 5 días.","ean":"8410066000067"},{"full_name":"ORLANDO tomate frito pack 3 envase 210 g","name":"tomate frito pack 3 envase 210 g","brand":"ORLANDO ","img":"https://sgfm.elcorteingles.es/SGFM//01/18/0/0118043501180/0118043501180000g01011.jpg","price":"1,65 €","price_unit":"(2,62 € / Kilo)","categories":["Supermercado","Alimentación General","Conservas vegetales","Tomate frito","ORLANDO tomate frito pack 3 envase 210 g"],"general_information":["Denominación del alimento: Tomate Frito","Nombre del operador: H.J. Heinz Foods Spin S.L.","Dirección del operador: Ctra. Rincón de Soto-Corello km 2,8. 26540 Alfaro (La Rioja)","Cantidad Neta: 630 g"],"ingredients":[" Tomate (160 g por 100 g de tomate frito), aceite de girasol (3,4%), (sofrito con cebollas y ajos frescos), azúcar, almidón modificado de maiz y sal. Contiene maíz, cebolla y aceite de soja."],"conservation":" Conservar en lugar fresco y seco. Una vez abierto, conservar en frigorifíco y consumir antes de 5 días.","ean":"8410066111459"},{"full_name":"ORLANDO tomate frito lata 410 g","name":"tomate frito lata 410 g","brand":"ORLANDO ","img":"https://sgfm.elcorteingles.es/SGFM/00/31/5/0118043500315/0118043500315000g01011.jpg","price":"0,79 €","price_unit":"(1,98 € / Kilo)","categories":["Supermercado","Alimentación General","Conservas vegetales","Tomate frito","ORLANDO tomate frito lata 410 g"],"general_information":["Denominación del alimento: Tomate Frito","Nombre del operador: H.J. Heinz Foods Spin S.L.","Dirección del operador: Ctra. Rincón de Soto-Corello km 2,8. 26540 Alfaro (La Rioja)","Cantidad Neta: 400 g"],"ingredients":[" Tomate (160 g  por 100 g de tomate frito), aceite de girasol (3,4%), (sofrito con cebollas y ajos frescos), azúcar,almidón modificado de maíz y sal. Contiene maíz, cebolla y aceite de soja."],"conservation":" Conservar en lugar fresco y seco. Una vez abierto, conservar en frigorifíco y consumir antes de 3 días.","ean":"8410066000029"},{"full_name":"ORLANDO tomate frito especial pasta orégano con aceite de oliva virgen extra envase 350 g","name":"tomate frito especial pasta orégano con aceite de oliva virgen extra envase 350 g","brand":"ORLANDO ","img":"https://sgfm.elcorteingles.es/SGFM//01/27/1/0118043501271/0118043501271000g01011.jpg","price":"1,19 €","price_unit":"(3,40 € / Kilo)","categories":["Supermercado","Alimentación General","Conservas vegetales","Tomate frito","ORLANDO tomate frito especial pasta orégano con aceite de oliva virgen extra envase 350 g"],"general_information":["Denominación del alimento: Tomate Frito","Nombre del operador: H.J. Heinz Foods Spin S.L.","Dirección del operador: Ctra. Rincón de Soto-Corello km 2,8. 26540 Alfaro (La Rioja)","Cantidad Neta: 350 g"],"ingredients":[" Tomate (170 g  por 100 g de producto), aceite de oliva virgen extra (3,3%), (sofrito con cebollas y ajos frescos), azúcar, hojas de orégano, sal  fibra alimentaria. Contiene cebolla."],"conservation":" Conservar en lugar fresco y seco. Una vez abierto, conservar en frigorifíco y consumir antes de 5 días.","ean":"8410066114931"},{"full_name":"ORLANDO tomate frito envase 350 g","name":"tomate frito envase 350 g","brand":"ORLANDO ","img":"https://sgfm.elcorteingles.es/SGFM/dctm/MEDIA02/CONTENIDOS/201408/25/00118043500307____1__600x600.jpg","price":"0,69 €","price_unit":"(1,97 € / Kilo)","categories":["Supermercado","Alimentación General","Conservas vegetales","Tomate frito","ORLANDO tomate frito envase 350 g"],"general_information":["Denominación del alimento: Tomate Frito","Nombre del operador: H.J. Heinz Foods Spin S.L.","Dirección del operador: Ctra. Rincón de Soto-Corello km 2,8. 26540 Alfaro (La Rioja)","Cantidad Neta: 350 g"],"ingredients":[" Tomate (160 g por 100 g de tomate frito), aceite de girasol (3,4%), (sofrito con cebollas y ajos frescos), azúcar, almidón modificado de maiz y sal. Contiene maíz, cebolla y aceite de soja."],"conservation":" Conservar en lugar fresco y seco. Una vez abierto, conservar en frigorifíco y consumir antes de 5 días.","ean":"8410066000074"},{"full_name":"ORLANDO tomate frito pack 3 envases 350 g","name":"tomate frito pack 3 envases 350 g","brand":"ORLANDO ","img":"https://sgfm.elcorteingles.es/SGFM/01/93/3/0118043501933/0118043501933000g01011.jpg","price":"2,69 €            ","price_unit":"(1,56 € / Kilo)","categories":["Supermercado","Alimentación General","Conservas vegetales","Tomate frito","ORLANDO tomate frito pack 3 envases 350 g"],"general_information":["Denominación del alimento: Tomate Frito","Nombre del operador: H.J. Heinz Foods Spin S.L.","Dirección del operador: Ctra. Rincón de Soto-Corello km 2,8. 26540 Alfaro (La Rioja)","Cantidad Neta: 1.4 Kilogramos"],"ingredients":[" Tomate (160 g por 100 g de tomate frito), aceite de girasol (3,4%), (sofrito con cebollas y ajos frescos), azúcar, almidón modificado de maiz y sal. Contiene maíz, cebolla y aceite de soja."],"conservation":" Conservar en lugar fresco y seco. Una vez abierto, conservar en frigorifíco y consumir antes de 5 días.","ean":"8410066122509"},{"full_name":"ORLANDO tomate frito con aceite de oliva envase 350 g","name":"tomate frito con aceite de oliva envase 350 g","brand":"ORLANDO ","img":"https://sgfm.elcorteingles.es/SGFM/dctm/MEDIA02/CONTENIDOS/201408/25/00118043500653____1__600x600.jpg","price":"0,99 €","price_unit":"(2,83 € / Kilo)","categories":["Supermercado","Alimentación General","Conservas vegetales","Tomate frito","ORLANDO tomate frito con aceite de oliva envase 350 g"],"general_information":["Denominación del alimento: Tomate Frito","Nombre del operador: H.J. Heinz Foods Spin S.L.","Dirección del operador: Ctra. Rincón de Soto-Corello km 2,8. 26540 Alfaro (La Rioja)","Cantidad Neta: 350 g"],"ingredients":[" Tomate (170 g por 100 g de tomate frito), aceite de oliva virgen extra (3,5%), (sofrito con cebollas y ajos frescos), azúcar, sal y fibra. Contiene cebolla."],"conservation":" Conservar en lugar fresco y seco. Una vez abierto, conservar en frigorifíco y consumir antes de 5 días.","ean":"8410066108572"},{"full_name":"ORLANDO tomate frito estilo casero frasco 295 g neto escurrido","name":"tomate frito estilo casero frasco 295 g neto escurrido","brand":"ORLANDO ","img":"https://sgfm.elcorteingles.es/SGFM/dctm/MEDIA02/CONTENIDOS/201408/25/00118043500349____1__600x600.jpg","price":"1,65 €","price_unit":"(5,59 € / Kilo)","categories":["Supermercado","Alimentación General","Conservas vegetales","Tomate frito","ORLANDO tomate frito estilo casero frasco 295 g neto escurrido"],"general_information":["Denominación del alimento: Tomate Frito","Nombre del operador: H.J. Heinz Foods Spin S.L.","Dirección del operador: Ctra. Rincón de Soto-Corello km 2,8. 26540 Alfaro (La Rioja)","Cantidad Neta: 370,0 g"],"ingredients":[" Tomate (174 g  por 100 g de tomate frito), aceite de girasol (5%), (sofrito con cebollas y ajos frescos), cebolla 4% azúcar y sal. Contiene cebolla."],"conservation":" Conservar en lugar fresco y seco. Una vez abierto, conservar en frigorifíco y consumir antes de 3 días.","ean":"8410066000036"},{"full_name":"ORLANDO tomate frito 0,0 sin sal ni azúcares añadidos envase 350 g neto escurrido","name":"tomate frito 0,0 sin sal ni azúcares añadidos envase 350 g neto escurrido","brand":"ORLANDO ","img":"https://sgfm.elcorteingles.es/SGFM//01/63/6/0118043501636/0118043501636000g01011.jpg","price":"0,89 €","price_unit":"(2,54 € / Kilo)","categories":["Supermercado","Alimentación General","Conservas vegetales","Tomate frito","ORLANDO tomate frito 0,0 sin sal ni azúcares añadidos envase 350 g neto escurrido"],"general_information":["Denominación del alimento: Tomate Frito","Nombre del operador: H.J. Heinz Foods Spin S.L.","Dirección del operador: Ctra. Rincón de Soto-Corello km 2,8. 26540 Alfaro (La Rioja)","Cantidad Neta: 350 g","Otras menciones obligatorias en la etiqueta: Sin sal ni azúcares añadidos"],"ingredients":[" Tomate (160 g por 10 0g de producto), aceite de girasol 4% (sofrito con cebollas y ajos frescos), almidón modificado de maiz y aroma (contiene leche). Contiene productos lácteos (leche), maíz, cebolla y aceite de soja."],"conservation":" Conservar en lugar fresco y seco. Una vez abierto, conservar en frigorifíco y consumir antes de 5 días.","ean":"8410066119714"},{"full_name":"HIDA tomate frito casero pack 3 latas 155 g","name":"tomate frito casero pack 3 latas 155 g","brand":"HIDA ","img":"https://sgfm.elcorteingles.es/SGFM/dctm/MEDIA02/CONTENIDOS/201408/25/00118043500117____1__600x600.jpg","price":"2,00 €","price_unit":"(4,30 € / Kilo)","categories":["Supermercado","Alimentación General","Conservas vegetales","Tomate frito","HIDA tomate frito casero pack 3 latas 155 g"],"general_information":["Denominación del alimento: Tomate frito.","Nombre del operador: Hida Alimentación, S.A.","Dirección del operador: Pol. El Arreaque. Apdo. 70 -30.170 Mula (Murcia)-España.","Cantidad Neta: 465 g","Otras menciones obligatorias en la etiqueta: Sin gluten. No OGM's."],"ingredients":[" Tomate, aceite de oliva virgen extra (5.1%), azúcar y sal."],"conservation":"Modo de empleo: Consumo directo o utilización del mismo como ingrediente o guarnición en la elaboración de otros platos.","ean":"8424523030122"},{"full_name":"HIDA tomate frito casero lata 400 g","name":"tomate frito casero lata 400 g","brand":"HIDA ","img":"https://sgfm.elcorteingles.es/SGFM/00/12/5/0118043500125/0118043500125000g01011.jpg","price":"1,35 €","price_unit":"(2,93 € / Kilo)","categories":["Supermercado","Alimentación General","Conservas vegetales","Tomate frito","HIDA tomate frito casero lata 400 g"],"general_information":["Denominación del alimento: Tomate frito.","Nombre del operador: Hida Alimentación, S.A.","Dirección del operador: Pol. El Arreaque. Apdo. 70 -30.170 Mula (Murcia)-España.","Cantidad Neta: 460 g","Otras menciones obligatorias en la etiqueta: Sin gluten. No OGM's."],"ingredients":[" Tomate, aceite de oliva virgen extra (5.1%), azúcar y sal."],"conservation":"Modo de empleo: Consumo directo o utilización del mismo como ingrediente o guarnición en la elaboración de otros platos.","ean":"8424523030917"},{"full_name":"HIDA tomate frito elaborado con productos frescos frasco 350 g neto escurrido","name":"tomate frito elaborado con productos frescos frasco 350 g neto escurrido","brand":"HIDA ","img":"https://sgfm.elcorteingles.es/SGFM/dctm/MEDIA03/201707/05/00118043501966____1__600x600.jpg","price":"1,19 €","price_unit":"(3,40 € / Kilo)","categories":["Supermercado","Alimentación General","Conservas vegetales","Tomate frito","HIDA tomate frito elaborado con productos frescos frasco 350 g neto escurrido"],"general_information":["Denominación del alimento: Tomate frito.","Nombre del operador: Hida Alimentación, S.A.","Dirección del operador: Pol. El Arreaque. Apdo. 70 -30.170 Mula (Murcia)-España.","Cantidad Neta: 350 g","Otras menciones obligatorias en la etiqueta: Sin gluten. No OGM's."],"ingredients":[" Tomate, aceite de oliva virgen extra (5.1%), azúcar y sal."],"conservation":"Modo de empleo: Consumo directo o utilización del mismo como ingrediente o guarnición en la elaboración de otros platos.","ean":"8424523030252"},{"full_name":"HIDA tomate frito light lata 340 g neto escurrido","name":"tomate frito light lata 340 g neto escurrido","brand":"HIDA ","img":"https://sgfm.elcorteingles.es/SGFM/01/89/1/0118043501891/0118043501891000g01011.jpg","price":"1,25 €","price_unit":"(3,68 € / Kilo)","categories":["Supermercado","Alimentación General","Conservas vegetales","Tomate frito","HIDA tomate frito light lata 340 g neto escurrido"],"general_information":["Denominación del alimento: Tomate frito light.","Nombre del operador: Hida Alimentación, S.A.","Dirección del operador: Pol. El Arreaque. Apdo. 70 -30.170 Mula (Murcia)-España.","Cantidad Neta: 340 g","Otras menciones obligatorias en la etiqueta: Sin gluten. No OGM's."],"ingredients":[" Tomate, aceite de oliva virgen extra (3.8%), sal y edulcorante: sucralosa."],"conservation":"Modo de empleo: Consumo directo o utilización del mismo como ingrediente o guarnición en la elaboración de otros platos.","ean":"8424523030269"},{"full_name":"HIDA tomate frito ecológico frasco 350 g neto escurrido","name":"tomate frito ecológico frasco 350 g neto escurrido","brand":"HIDA ","img":"https://sgfm.elcorteingles.es/SGFM/dctm/MEDIA03/201602/24/00118043700022____2__600x600.jpg","price":"1,85 €","price_unit":"(5,29 € / Kilo)","categories":["Supermercado","Alimentación General","Conservas vegetales","Tomate frito","HIDA tomate frito ecológico frasco 350 g neto escurrido"],"general_information":["Denominación del alimento: Tomate frito ecológico.","Nombre del operador: Hida Alimentación, S.A.","Dirección del operador: Pol. El Arreaque. Apdo. 70 -30.170 Mula (Murcia)-España.","Cantidad Neta: 350 g","Otras menciones obligatorias en la etiqueta: Sin gluten. No OGM's."],"ingredients":[" Tomate*, aceite de oliva virgen extra* (5.1%),  azúcar* y sal (*ecológico)."],"conservation":"Modo de empleo: Consumo directo o utilización del mismo como ingrediente o guarnición en la elaboración de otros platos.","ean":"8424523030320"},{"full_name":"HIDA sofrito de tomate y cebolla con aceite de oliva virgen extra frasco 350 g neto escurrido","name":"sofrito de tomate y cebolla con aceite de oliva virgen extra frasco 350 g neto escurrido","brand":"HIDA ","img":"https://sgfm.elcorteingles.es/SGFM/dctm/MEDIA03/201707/05/00118043501685____1__600x600.jpg","price":"1,70 €","price_unit":"(4,86 € / Kilo)","categories":["Supermercado","Alimentación General","Conservas vegetales","Tomate frito","HIDA sofrito de tomate y cebolla con aceite de oliva virgen extra frasco 350 g neto escurrido"],"general_information":[],"ingredients":[],"ean":"8424523030108"},{"full_name":"HIDA tomate frito ligero y suave con aceite de oliva virgen extra frasco 310 g neto escurrido","name":"tomate frito ligero y suave con aceite de oliva virgen extra frasco 310 g neto escurrido","brand":"HIDA ","img":"https://sgfm.elcorteingles.es/SGFM/dctm/MEDIA03/201707/05/00118043501693____1__600x600.jpg","price":"1,45 €","price_unit":"(5 € / Kilo)","categories":["Supermercado","Alimentación General","Conservas vegetales","Tomate frito","HIDA tomate frito ligero y suave con aceite de oliva virgen extra frasco 310 g neto escurrido"],"general_information":["Denominación del alimento: Tomate frito ligero y suave.","Nombre del operador: Hida Alimentación, S.A.","Dirección del operador: Pol. El Arreaque. Apdo. 70 -30.170 Mula (Murcia)-España.","Cantidad Neta: 290 g","Otras menciones obligatorias en la etiqueta: Sin gluten. No OGM's."],"ingredients":[" Tomate, aceite de oliva virgen extra (5.0%), azúcar y sal."],"conservation":"Modo de empleo: Consumo directo o utilización del mismo como ingrediente o guarnición en la elaboración de otros platos.","ean":"8424523030092"},{"full_name":"SOLIS tomate frito formato familiar pack 3 frasco 360 g neto escurrido","name":"tomate frito formato familiar pack 3 frasco 360 g neto escurrido","brand":"SOLIS ","img":"https://sgfm.elcorteingles.es/SGFM/02/01/4/0118043502014/0118043502014000g01011.jpg","price":"2,00 €","price_unit":"(1,85 € / Kilo)","categories":["Supermercado","Alimentación General","Conservas vegetales","Tomate frito","SOLIS tomate frito formato familiar pack 3 frasco 360 g neto escurrido"],"general_information":["Denominación del alimento: Tomate Frito","Nombre del operador: Nestlé España, S.A.","Dirección del operador: Avinguda Països Catalans, 51 - 08950 Esplugues de Llobregat (Barcelona)","Cantidad Neta: 1080 g"],"ingredients":[" Tomate y concentrado de tomate (167g de tomate para elaborar 100g de tomate frito), aceite de girasol, azúcar, almidón modificado de maíz, sal, cebolla, ajo, pimienta blanca, aromas naturales."],"conservation":" Una vez abierto, mantener en el frigorífico.","ean":"7613034289148"},{"full_name":"SOLIS tomate frito solis pack 3 envases 350 g","name":"tomate frito solis pack 3 envases 350 g","brand":"SOLIS ","img":"https://sgfm.elcorteingles.es/SGFM/01/74/0/0200143501740/0200143501740000g01011.jpg","price":"1,85 €","price_unit":"(1,32 € / Kilo)","categories":["Supermercado","Alimentación General","Conservas vegetales","Tomate frito","SOLIS tomate frito solis pack 3 envases 350 g"],"general_information":["Denominación del alimento: Tomate frito","Nombre del operador: Nestlé España, S.A.","Dirección del operador: Av. Països Catalans, 25-51 -08950 Esplugues de llobregat (Barcelona)","Cantidad Neta: 1400 g"],"ingredients":[" Tomate y concentrado de tomate (167 g de tomate para elaborar 100 g de tomate frito), aceite de girasol, azúcar, almidón modificado de maíz, sal, cebolla, ajo, pimienta blanca, aromas  naturales."],"conservation":" Una vez abierto, mantener en el frigorífico.","ean":"7613033779930"},{"full_name":"SOLIS tomate frito pack 3 envases 200 g","name":"tomate frito pack 3 envases 200 g","brand":"SOLIS ","img":"https://sgfm.elcorteingles.es/SGFM/01/83/4/0118043501834/0118043501834000g01011.jpg","price":"1,55 €","price_unit":"(2,58 € / Kilo)","categories":["Supermercado","Alimentación General","Conservas vegetales","Tomate frito","SOLIS tomate frito pack 3 envases 200 g"],"general_information":["Denominación del alimento: Tomate Frito","Nombre del operador: Nestlé España, S.A.","Dirección del operador: Avinguda Països Catalans, 51 - 08950 Esplugues de Llobregat (Barcelona)","Cantidad Neta: 600 g"],"ingredients":[" Tomate y concentrado de tomate (167g de tomate para elaborar 100g de tomate frito), aceite de girasol, azúcar, almidón modificado de maíz, sal, cebolla, ajo, pimienta blanca, aromas naturales."],"conservation":" Una vez abierto, mantener en el frigorífico.","ean":"7613033779909"},{"full_name":"SOLIS tomate frito frasco 360 g","name":"tomate frito frasco 360 g","brand":"SOLIS ","img":"https://sgfm.elcorteingles.es/SGFM/00/40/6/0118043500406/0118043500406000g01011.jpg","price":"0,89 €","price_unit":"(2,47 € / Kilo)","categories":["Supermercado","Alimentación General","Conservas vegetales","Tomate frito","SOLIS tomate frito frasco 360 g"],"general_information":[],"ingredients":[],"ean":"8413000064644"},{"full_name":"SOLIS tomate frito frasco 725 g neto escurrido","name":"tomate frito frasco 725 g neto escurrido","brand":"SOLIS ","img":"https://sgfm.elcorteingles.es/SGFM/01/70/1/0118043501701/0118043501701000g01011.jpg","price":"1,55 €","price_unit":"(2,14 € / Kilo)","categories":["Supermercado","Alimentación General","Conservas vegetales","Tomate frito","SOLIS tomate frito frasco 725 g neto escurrido"],"general_information":["Denominación del alimento: Tomate Frito","Nombre del operador: Nestlé España, S.A.","Dirección del operador: Avinguda Països Catalans, 51 - 08950 Esplugues de Llobregat (Barcelona)","Cantidad Neta: 725 g"],"ingredients":[" Tomate y concentrado de tomate (167g de tomate para preparar 100 g de tomate frito), aceite de girasol, azúcar, almidón modificado de maíz, sal, cebolla, ajo, pimienta blanca, aromas naturales."],"conservation":" Una vez abierto, mantener en el frigorífico","ean":"8413000064651"},{"full_name":"SOLIS tomate frito apto para dietas sin gluten envase 350 g","name":"tomate frito apto para dietas sin gluten envase 350 g","brand":"SOLIS ","img":"https://sgfm.elcorteingles.es/SGFM/01/55/2/0118043501552/0118043501552000g01011.jpg","price":"0,59 €","price_unit":"(1,69 € / Kilo)","categories":["Supermercado","Alimentación General","Conservas vegetales","Tomate frito","SOLIS tomate frito apto para dietas sin gluten envase 350 g"],"general_information":["Denominación del alimento: Tomate Frito","Nombre del operador: Nestlé España, S.A.","Dirección del operador: Avinguda Països Catalans, 51 - 08950 Esplugues de Llobregat (Barcelona)","Cantidad Neta: 350 g"],"ingredients":[" Tomate y concentrado de tomate (167 g de tomate para elaborar 100 g de tomate frito), aceite de girasol, azúcar, almidón modificado de maíz, sal, cebolla, ajo, pimienta blanca, aromas naturales."],"conservation":" Una vez abierto, mantener en el frigorífico.","ean":"7613032921767"},{"full_name":"SOLIS tomate frito casero envase 350 g","name":"tomate frito casero envase 350 g","brand":"SOLIS ","img":"https://sgfm.elcorteingles.es/SGFM/01/52/9/0118043501529/0118043501529000g01011.jpg","price":"1,09 €","price_unit":"(3,11 € / Kilo)","categories":["Supermercado","Alimentación General","Conservas vegetales","Tomate frito","SOLIS tomate frito casero envase 350 g"],"general_information":["Denominación del alimento: Tomate Frito","Nombre del operador: Nestlé España, S.A.","Dirección del operador: Avinguda Països Catalans, 51 - 08950 Esplugues de Llobregat (Barcelona)","Cantidad Neta: 350 g"],"ingredients":[" Tomate y concentrado de tomate (144 g de tomate para elaborar 100g de tomate frito), cebolla (6%), aceite de girasol (5,7%), azúcar, aceite de oliva (1%), sal."],"conservation":" Una vez abierto, mantener en el frigorífico máximo de 3 a 5 días.","ean":"7613032875008"},{"full_name":"SOLIS tomate frito casero frasco 350 g","name":"tomate frito casero frasco 350 g","brand":"SOLIS ","img":"https://sgfm.elcorteingles.es/SGFM/01/42/0/0118043501420/0118043501420000g01011.jpg","price":"1,35 €","price_unit":"(3,38 € / Kilo)","categories":["Supermercado","Alimentación General","Conservas vegetales","Tomate frito","SOLIS tomate frito casero frasco 350 g"],"general_information":["Denominación del alimento: Tomate Frito","Nombre del operador: Nestlé España, S.A.","Dirección del operador: Avinguda Països Catalans, 51 - 08950 Esplugues de Llobregat (Barcelona)","Cantidad Neta: 350 g"],"ingredients":[" Tomate y concentrado de tomate (144 g de tomate para elaborar 100g de tomate frito), cebolla (6%), aceite de girasol (5,7%), azúcar, aceite de oliva (1%), sal."],"conservation":" Una vez abierto, mantener en el frigorífico.","ean":"7613031631674"},{"full_name":"SOLIS tomate frito lata 140 g","name":"tomate frito lata 140 g","brand":"SOLIS ","img":"https://sgfm.elcorteingles.es/SGFM/00/81/0/0118043500810/0118043500810000g01011.jpg","price":"0,55 €","price_unit":"(3,93 € / Kilo)","categories":["Supermercado","Alimentación General","Conservas vegetales","Tomate frito","SOLIS tomate frito lata 140 g"],"general_information":["Denominación del alimento: TOMATE FRITO","Nombre del operador: Nestlé España, S.A.","Dirección del operador: Nestlé España S.A. Edificio Nestlé 08950 Esplugues de Llobregat (Barcelona)","Cantidad Neta: 140 g"],"ingredients":[" Ingredientes: Tomate y concentrado de tomate (167 g de tomate para elaborar 100g de tomate frito), aceite de girasol, azúcar, almidón modificado de maíz, sal, cebolla, ajo, pimienta blanca, aromas naturales."],"conservation":" Una vez abierto, mantener en el frigorífico un máximo de 7 días","ean":"8413000064675"},{"full_name":"HERO tomate frito preparación casera frasco 370 g","name":"tomate frito preparación casera frasco 370 g","brand":"HERO ","img":"https://sgfm.elcorteingles.es/SGFM/dctm/MEDIA03/201704/27/00118043500034____2__600x600.jpg","price":"1,59 €            ","price_unit":"(3,92 € / Kilo)","categories":["Supermercado","Alimentación General","Conservas vegetales","Tomate frito","HERO tomate frito preparación casera frasco 370 g"],"general_information":["Denominación del alimento: Tomate Frito","País de origen: España","Nombre del operador: Hero España, S.A.","Dirección del operador: Avda. Murcia, 1 30820 Alcantarilla, Murcia","Cantidad Neta: 370 g"],"ingredients":[" Tomate (157 g/100g), azúcar, aceite de girasol, sal, almidón de maíz y cebolla"],"conservation":" Conservar en lugar fresco y seco. Una vez abierto conservar en el frigorífico.","ean":"8410175090409"},{"full_name":"HERO tomate frito Selección Cosecha frasco 370 g","name":"tomate frito Selección Cosecha frasco 370 g","brand":"HERO ","img":"https://sgfm.elcorteingles.es/SGFM/01/20/6/0118043501206/0118043501206000g01011.jpg","price":"2,09 €            ","price_unit":"(4,46 € / Kilo)","categories":["Supermercado","Alimentación General","Conservas vegetales","Tomate frito","HERO tomate frito Selección Cosecha frasco 370 g"],"general_information":["Denominación del alimento: Tomate Frito Temporada","País de origen: España","Nombre del operador: Hero España, S.A.","Dirección del operador: Avda. Murcia, 1 30820 Alcantarilla, Murcia","Cantidad Neta: 370 g"],"ingredients":[" Tomate (157 g/100g),  aceite de girasol, azúcar y sal."],"conservation":" Conservar en lugar fresco y seco. Una vez abierto, mantener en el frigorífico.","ean":"8410175009890"},{"full_name":"PEDRO LUIS tomate frito casero ecológico frasco 340 g","name":"tomate frito casero ecológico frasco 340 g","brand":"PEDRO LUIS ","img":"https://sgfm.elcorteingles.es/SGFM/dctm/MEDIA02/CONTENIDOS/201503/27/00118043700014____1__600x600.jpg","price":"2,39 €","price_unit":"(7,03 € / Kilo)","categories":["Supermercado","Alimentación General","Conservas vegetales","Tomate frito","PEDRO LUIS tomate frito casero ecológico frasco 340 g"],"general_information":["Denominación del alimento: Tomate frito","Nombre del operador: Conservas Pedro Luís, S.L.","Dirección del operador: Pol.Industrial El Ramal, C/ Del Ramal 19 -31580- Lodosa (Navarra)","Cantidad Neta: 340,0 g","Otras menciones obligatorias en la etiqueta: Producto de temporada. Recolección: Agosto / Septiembre. Procedente de la agricultura ecológica. ES-ECO-025-NA. Agricultura de España."],"ingredients":[" Tomate* (160 g. de tomate por 100 g. de producto final), aceite de oliva virgen extra (4.5%)*, cebolla*, puerro*,sal, azúcar de caña*, ajo* y regulador de acidez: ácido cítrico. *Procedente de la agricultura ecológica."],"conservation":" Conservar en un lugar fresco y seco protegido de la luz. Una vez abierto, conservar en el frigorífico y consumir antes de 5 días.","ean":"8425205011057"},{"full_name":"PEDRO LUIS tomate frito con pimiento del piquillo de agricultura ecológica frasco 340 g","name":"tomate frito con pimiento del piquillo de agricultura ecológica frasco 340 g","brand":"PEDRO LUIS ","img":"https://sgfm.elcorteingles.es/SGFM/dctm/MEDIA02/CONTENIDOS/201503/27/00118043700055____1__600x600.jpg","price":"3,25 €","price_unit":"(9,56 € / Kilo)","categories":["Supermercado","Alimentación General","Conservas vegetales","Tomate frito","PEDRO LUIS tomate frito con pimiento del piquillo de agricultura ecológica frasco 340 g"],"general_information":["Denominación del alimento: Tomate frito con pimiento del piquillo","Nombre del operador: Conservas Pedro Luís, S.L.","Dirección del operador: Pol.Industrial El Ramal, C/ Del Ramal 19 -31580- Lodosa (Navarra)","Cantidad Neta: 340 g","Otras menciones obligatorias en la etiqueta: Agricultura ecológica. ES-ECO-025-NA."],"ingredients":[" Tomate* (160g de tomate por 100g de producto final), pimientos del piquillo* (6%), aceite de oliva virgen extra* (4.5%), cebolla*, puerro*, sal, azúcar de caña*, ajo* y regulador de acidez: ácido cítrico. *Procedente de la agricultura ecológica."],"conservation":" Conservar en lugar fresco y seco protegido de la luz. Una vez abierto, conservar en el frigorífico y consumir antes de 5 días.","ean":"8425205012474"},{"full_name":"HELIOS tomate frito frasco 570 g","name":"tomate frito frasco 570 g","brand":"HELIOS ","img":"https://sgfm.elcorteingles.es/SGFM/00/01/8/0118043500018/0118043500018000g01011.jpg","price":"1,59 €","price_unit":"(2,79 € / Kilo)","categories":["Supermercado","Alimentación General","Conservas vegetales","Tomate frito","HELIOS tomate frito frasco 570 g"],"general_information":["Denominación del alimento: Tomate Frito","Nombre del operador: DULCES Y CONSERVAS HELIOS S.A.","Dirección del operador: Carretera de Salamanca, nº44, 47195 Arroyo de la Encomienda","Cantidad Neta: 570 g"],"ingredients":[" Tomate, cebolla, azúcar, jarabe de glucosa y fructosa, aceite de girasol, almidón modificado, sal, acidulante: ácido cítrico y especias"],"conservation":" Conservese en lugar fresco y seco. Una vez abierto conservesé en el frigorifico","ean":"8410095007013"},{"full_name":"HELIOS tomate frito estilo Mediterráneo con aceite oliva virgen extra frasco 560 g","name":"tomate frito estilo Mediterráneo con aceite oliva virgen extra frasco 560 g","brand":"HELIOS ","img":"https://sgfm.elcorteingles.es/SGFM/00/89/3/0118043500893/0118043500893000g01011.jpg","price":"1,69 €","price_unit":"(3,02 € / Kilo)","categories":["Supermercado","Alimentación General","Conservas vegetales","Tomate frito","HELIOS tomate frito estilo Mediterráneo con aceite oliva virgen extra frasco 560 g"],"general_information":["Denominación del alimento: TOMATE FRITO ESTILO MEDITERRÁNEO","Nombre del operador: DULCES Y CONSERVAS HELIOS S.A.","Dirección del operador: Carretera de Salamanca, nº44, 47195 Arroyo de la Encomienda","Cantidad Neta: 560 g"],"ingredients":[" Tomate, aceite de oliva, azúcar, sal."],"conservation":" Conservese en lugar fresco y seco. Una vez abierto conservesé en el frigorifico","ean":"8410095501450"},{"full_name":"HELIOS salsa de tomate casero frasco 570 g","name":"salsa de tomate casero frasco 570 g","brand":"HELIOS ","img":"https://sgfm.elcorteingles.es/SGFM//00/05/9/0118043500059/0118043500059000g01011.jpg","price":"1,59 €","price_unit":"(2,79 € / Kilo)","categories":["Supermercado","Alimentación General","Conservas vegetales","Tomate frito","HELIOS salsa de tomate casero frasco 570 g"],"general_information":["Denominación del alimento: Salsa Casera","Nombre del operador: DULCES Y CONSERVAS HELIOS S.A.","Dirección del operador: Carretera de Salamanca, nº44, 47195 Arroyo de la Encomienda","Cantidad Neta: 570 g"],"ingredients":[" Tomate, cebolla, azúcar, aceite de girasol, zanahoria, almidón modificado, sal, acidulante: ácido cítrico y especias,"],"conservation":" Conservese en lugar fresco y seco. Una vez abierto conservesé en el frigorifico","ean":"8410095007242"},{"full_name":"HELIOS salsa de tomate casera frasco 300 g","name":"salsa de tomate casera frasco 300 g","brand":"HELIOS ","img":"https://sgfm.elcorteingles.es/SGFM/dctm/MEDIA03/201709/26/00118017603160____1__600x600.jpg","price":"1,55 €","price_unit":"(5,17 € / Kilo)","categories":["Supermercado","Alimentación General","Conservas vegetales","Tomate frito","HELIOS salsa de tomate casera frasco 300 g"],"general_information":["Denominación del alimento: Salsa Casera","Nombre del operador: DULCES Y CONSERVAS HELIOS S.A.","Dirección del operador: Carretera de Salamanca, nº44, 47195 Arroyo de la Encomienda","Cantidad Neta: 300 g"],"ingredients":[" Tomate, cebolla, azúcar, jarabe de glucosa y fructosa, aceite de girasol, zanahoria, almidón modificado de maiz, sal, acidulante:ácido cítrico, especias"],"conservation":" Conservese en lugar fresco y seco. Una vez abierto conservesé en el frigorifico","ean":"8410095010013"},{"full_name":"GALLINA BLANCA tomate frito 100% natural con aceite de oliva virgen extra frasco 350 g","name":"tomate frito 100% natural con aceite de oliva virgen extra frasco 350 g","brand":"GALLINA BLANCA ","img":"https://sgfm.elcorteingles.es/SGFM/01/39/6/0118043501396/0118043501396000g01011.jpg","price":"1,50 €","price_unit":"(4,29 € / Kilo)","categories":["Supermercado","Alimentación General","Conservas vegetales","Tomate frito","GALLINA BLANCA tomate frito 100% natural con aceite de oliva virgen extra frasco 350 g"],"general_information":["Denominación del alimento: Tomate frito","Nombre del operador: Gallina Blanca, S.A.","Dirección del operador: Plaza Europa 42, 08902 - Hospitalet de Llobregat (Barcelona)","Cantidad Neta: 350 g","Número de raciones por envase: 7","Otras menciones obligatorias en la etiqueta: Sello FEC (Federación Española del Corazón). Sin conservantes ni colorantes."],"ingredients":[" Tomate (concentrado)(145 g de tomate para preparar 100 g de producto), aceite de oliva virgen extra (3%), azúcar, almidón de arroz, cebolla, sal y ajo."],"conservation":" Conservar a temperatura ambiente, en un lugar fresco y seco, al abrigo de la luz. Una vez abierto, mantener en frigorífico un máximo de 5 días.","ean":"0000084103284"},{"full_name":"GALLINA BLANCA sofrito de tomate y cebolla 100% natural con aceite de oliva virgen extra frasco 350 g","name":"sofrito de tomate y cebolla 100% natural con aceite de oliva virgen extra frasco 350 g","brand":"GALLINA BLANCA ","img":"https://sgfm.elcorteingles.es/SGFM/01/40/4/0118043501404/0118043501404000g01011.jpg","price":"1,65 €","price_unit":"(4,71 € / Kilo)","categories":["Supermercado","Alimentación General","Conservas vegetales","Tomate frito","GALLINA BLANCA sofrito de tomate y cebolla 100% natural con aceite de oliva virgen extra frasco 350 g"],"general_information":["Denominación del alimento: Sofrito de tomate y cebolla","Nombre del operador: Gallina Blanca, S.A.","Dirección del operador: Plaza Europa 42, 08902 - Hospitalet de Llobregat (Barcelona)","Cantidad Neta: 350 g","Número de raciones por envase: 7","Otras menciones obligatorias en la etiqueta: Sello FEC (Federación Española del Corazón). Sin grasas hidrogenadas. Sin conservantes ni colorantes."],"ingredients":[" Tomate (50%) (pulpa y concentrado), cebolla (37%), aceite de oliva virgen extra (9%), sal."],"conservation":" Conservar a temperatura ambiente, en un lugar fresco y seco, al abrigo de la luz. Una vez abierto, mantener en frigorífico un máximo de 5 días.","ean":"0000084103291"},{"full_name":"IBSA fritada casera de tomate de cosecha con aceite de oliva frasco 350 g","name":"fritada casera de tomate de cosecha con aceite de oliva frasco 350 g","brand":"IBSA ","img":"https://sgfm.elcorteingles.es/SGFM/dctm/MEDIA03/201703/02/00118043501230____1__600x600.jpg","price":"1,35 €","price_unit":"(3,86 € / Kilo)","categories":["Supermercado","Alimentación General","Conservas vegetales","Tomate frito","IBSA fritada casera de tomate de cosecha con aceite de oliva frasco 350 g"],"general_information":["Denominación del alimento: FRITADA DE TOMATE ?CON CALCIO?","Nombre del operador: INDUSTRIAS DEL BIERZO S.A.","Dirección del operador: C/ San Roque s/n Carracedelo, 24549","Cantidad Neta: 350 g"],"ingredients":[" Tomate (87%), cebolla (5%), pimiento (2%), aceite de oliva (1.5%), azúcar, almidón modificado de maíz, lactato cálcico (1%), sal y\nacidulante: ácido cítrico."],"ean":"8412464023006"},{"full_name":"IBSA sofrito de tomate frasco 350 g","name":"sofrito de tomate frasco 350 g","brand":"IBSA ","img":"https://sgfm.elcorteingles.es/SGFM/dctm/MEDIA03/201702/27/00118043500174____1__600x600.jpg","price":"0,99 €","price_unit":"(2,83 € / Kilo)","categories":["Supermercado","Alimentación General","Conservas vegetales","Tomate frito","IBSA sofrito de tomate frasco 350 g"],"general_information":["Denominación del alimento: Sofrito de tomate","Nombre del operador: Industrias del Bierzo S.A","Dirección del operador: C/ San Roque, s/n 24549 Carracedelo (León) España","Cantidad Neta: 350 g","Otras menciones obligatorias en la etiqueta: Sin gluten. Sin colorantes ni conservantes."],"ingredients":[" Tomate (90%), cebolla, aceite de girasol, azúcar, almidón de maíz y sal."],"conservation":" Una vez abierto conservar en el frigorífico máximo 5 días.","ean":"8412464131503"},{"full_name":"APIS tomate frito lote ahorro pack 3 envase 400 g","name":"tomate frito lote ahorro pack 3 envase 400 g","brand":"APIS ","img":"https://sgfm.elcorteingles.es/SGFM/02/02/2/0118043502022/0118043502022000g01011.jpg","price":"1,99 €","price_unit":"(1,66 € / Kilo)","categories":["Supermercado","Alimentación General","Conservas vegetales","Tomate frito","APIS tomate frito lote ahorro pack 3 envase 400 g"],"general_information":["Denominación del alimento: Tomate frito","Nombre del operador: CARNES Y VEGETALES, SL","Dirección del operador: Pol. Ind. El Prado c/Sevilla P. 1 y 2 Mérida  (Badajoz) - ESPAÑA","Cantidad Neta: 1200 g"],"ingredients":[" Tomate (170g para elaborar 100g de producto), aceite de girasol, jarabe de glucosa y fructosa, azúcar, manzana, almidón modificado, sal, aromas y especias."],"ean":"8410000828474"},{"full_name":"APIS tomate frito pack 3 envase 215 g","name":"tomate frito pack 3 envase 215 g","brand":"APIS ","img":"https://sgfm.elcorteingles.es/SGFM/01/04/0/0118043501040/0118043501040000g01011.jpg","price":"1,55 €","price_unit":"(2,40 € / Kilo)","categories":["Supermercado","Alimentación General","Conservas vegetales","Tomate frito","APIS tomate frito pack 3 envase 215 g"],"general_information":["Denominación del alimento: Tomate frito","Nombre del operador: CARNES Y VEGETALES, SL","Dirección del operador: Pol. Ind. El Prado c/Sevilla P. 1 y 2 Mérida  (Badajoz) - ESPAÑA","Cantidad Neta: 645 g"],"ingredients":[" Tomate (170g para elaborar 100g de producto), aceite de girasol, jarabe de glucosa y fructosa, azúcar, manzana, almidón modificado, sal, aromas y especias."],"ean":"8410000814927"},{"full_name":"APIS tomate frito envase 350 g","name":"tomate frito envase 350 g","brand":"APIS ","img":"https://sgfm.elcorteingles.es/SGFM/01/25/5/0118043501255/0118043501255000g01011.jpg","price":"0,79 €","price_unit":"(2,26 € / Kilo)","categories":["Supermercado","Alimentación General","Conservas vegetales","Tomate frito","APIS tomate frito envase 350 g"],"general_information":[],"ingredients":[],"ean":"8410218209706"},{"full_name":"APIS sofrito de tomate mediterráneo frasco 300 g","name":"sofrito de tomate mediterráneo frasco 300 g","brand":"APIS ","img":"https://sgfm.elcorteingles.es/SGFM/01/97/4/0118043501974/0118043501974000g01011.jpg","price":"1,65 €","price_unit":"(5,50 € / Kilo)","categories":["Supermercado","Alimentación General","Conservas vegetales","Tomate frito","APIS sofrito de tomate mediterráneo frasco 300 g"],"general_information":["Denominación del alimento: Sofrito de tomate","Nombre del operador: CARNES Y VEGETALES, SL","Dirección del operador: Pol. Ind. El Prado c/Sevilla P. 1 y 2 Mérida  (Badajoz) - ESPAÑA","Cantidad Neta: 300 g"],"ingredients":[" Tomate (160g para elaborar 100g de producto), cebolla frita (5%), azúcar, aceite de oliva virgen extra (33%), almidón modificado, sal y especias."],"ean":"8410218201328"},{"full_name":"FRUCO tomate frito frasco 380 g","name":"tomate frito frasco 380 g","brand":"FRUCO ","img":"https://sgfm.elcorteingles.es/SGFM/00/21/6/0118043500216/0118043500216000g01011.jpg","price":"0,79 €","price_unit":"(2,08 € / Kilo)","categories":["Supermercado","Alimentación General","Conservas vegetales","Tomate frito","FRUCO tomate frito frasco 380 g"],"general_information":[],"ingredients":[],"ean":"8410218174974"},{"full_name":"FERRER tomate sofrito casero frasco 300 g","name":"tomate sofrito casero frasco 300 g","brand":"FERRER ","img":"https://sgfm.elcorteingles.es/SGFM/01/46/1/0118043501461/0118043501461000g01011.jpg","price":"1,69 €            ","price_unit":"(4,83 € / Kilo)","categories":["Supermercado","Alimentación General","Conservas vegetales","Tomate frito","FERRER tomate sofrito casero frasco 300 g"],"general_information":["Denominación del alimento: Tomate sofrito casero","Nombre del operador: Ferrer tradicional, S.L.","Dirección del operador: Pol.  Ind.  Sta. Anna, Crta. Santpedor a Navarcles, Km4  -08251 Santpedor (Barcelona)","Cantidad Neta: 350,0 g"],"ingredients":[" tomate (70%), agua, cebolla frita (cebolla, aceite de oliva virgen, sal, corrector de acidez: ácido cítrico), aceite de girasol, azúcar, ajo, sal y almendra (0.4%)."],"conservation":" Una vez abierto, mantener refrigerado y consumir en el plazo de un mes.","ean":"8411026030001"},{"full_name":"ARANCA tomate frito con aceite de oliva virgen frasco 420 g","name":"tomate frito con aceite de oliva virgen frasco 420 g","brand":"ARANCA ","img":"https://sgfm.elcorteingles.es/SGFM/01/59/4/0118043501594/0118043501594000g01011.jpg","price":"2,15 €            ","price_unit":"(4,40 € / Kilo)","categories":["Supermercado","Alimentación General","Conservas vegetales","Tomate frito","ARANCA tomate frito con aceite de oliva virgen frasco 420 g"],"general_information":["Denominación del alimento: Tomate frito con aceite de oliva","Nombre del operador: Selfoods SAU","Dirección del operador: El Rebato s/n 08739 SUBIRATS (Barcelona)","Cantidad Neta: 420 g","Otras menciones obligatorias en la etiqueta: No contiene alérgenos."],"ingredients":[" Tomate 91%, aceite de oliva8%, ajos y sal"],"conservation":" Una vez abierto conservar en el frigorífico","ean":"8436021663856"},{"full_name":"ARANCA tomate frito auténtico sabor casero sin sal frasco 420 g neto escurrido","name":"tomate frito auténtico sabor casero sin sal frasco 420 g neto escurrido","brand":"ARANCA ","img":"https://sgfm.elcorteingles.es/SGFM/01/90/9/0118043501909/0118043501909000g01011.jpg","price":"2,15 €            ","price_unit":"(4,40 € / Kilo)","categories":["Supermercado","Alimentación General","Conservas vegetales","Tomate frito","ARANCA tomate frito auténtico sabor casero sin sal frasco 420 g neto escurrido"],"general_information":["Denominación del alimento: TOMATES FRITO CON ACEITE DE OLIVA","Nombre del operador: Selfoods SAU","Dirección del operador: El Rebato s/n 08739 SUBIRATS (Barcelona)","Cantidad Neta: 420 g"],"ingredients":[" Tomates 91%, aceite de oliva 8%, azúcar, ajos y sal"],"conservation":" Después de abierto mantener en refrigeración.","ean":"8436021664174"},{"full_name":"GVTARRA tomate frito cocinado frasco 660 g","name":"tomate frito cocinado frasco 660 g","brand":"GVTARRA ","img":"https://sgfm.elcorteingles.es/SGFM/dctm/MEDIA03/201612/12/00118043500182____1__600x600.jpg","price":"2,25 €            ","price_unit":"(3,26 € / Kilo)","categories":["Supermercado","Alimentación General","Conservas vegetales","Tomate frito","GVTARRA tomate frito cocinado frasco 660 g"],"general_information":["Denominación del alimento: Tomate cocinado","País de origen: España","Nombre del operador: RIBEREBRO INTEGRAL, SAU","Dirección del operador: Poligono Industrial La Llanada - 26540 Alfaro La Rioja","Cantidad Neta: 660 g","Número de raciones por envase: 1"],"ingredients":[" Tomate, cobolla, aceite de girasol, azúcar, sal, ajo, estabilizantes: E-412 y E-415 y acidulante: E-330 ácido cítrico"],"conservation":" Una vez abierto el tarro conservar en el frigorífico","ean":"8410514140109"},{"full_name":"IBERITOS surtido de tomate para desayunos 5 unidades envase 125 g","name":"surtido de tomate para desayunos 5 unidades envase 125 g","brand":"IBERITOS ","img":"https://sgfm.elcorteingles.es/SGFM/01/02/4/0118027501024/0118027501024000g01011.jpg","price":"1,45 €            ","price_unit":"(210 € / Kilo)","categories":["Supermercado","Alimentación General","Conservas vegetales","Tomate frito","IBERITOS surtido de tomate para desayunos 5 unidades envase 125 g"],"general_information":["Denominación del alimento: Surtido de tomates","Nombre del operador: Huerta dehesa el Alcornocal, S.L.","Dirección del operador: Crta. Ex -206, s/n -06410 Santa Amalia (Badajoz)","Cantidad Neta: 25 g","Número de raciones por envase: 5"],"ingredients":[" Tomate natural: Tomate natural. Tomate, aceite y sal:Tomate natural, aceite de oliva virgen extra, sal y antioxidante E-316. Tomate, aceite y ajo: Tomate natural 75%, aceite de oliva virgen extra 25%, sal, ajo y antioxidante E-316."],"conservation":" No necestia frío.","ean":"8437012690264"},{"full_name":"SANDOVAL tomate frito con aceite de oliva pack 3 latas 220 g","name":"tomate frito con aceite de oliva pack 3 latas 220 g","brand":"SANDOVAL ","img":"https://sgfm.elcorteingles.es/SGFM/00/06/7/0118043500067/0118043500067000g01011.jpg","price":"1,85 €","price_unit":"(2,80 € / Kilo)","categories":["Supermercado","Alimentación General","Conservas vegetales","Tomate frito","SANDOVAL tomate frito con aceite de oliva pack 3 latas 220 g"],"general_information":[],"ingredients":[],"ean":"8436007461575"},{"full_name":"MATA salsa de tomate frito en aceite de oliva frasco 370 g","name":"salsa de tomate frito en aceite de oliva frasco 370 g","brand":"MATA ","img":"https://sgfm.elcorteingles.es/SGFM/01/03/2/0118043501032/0118043501032000g01011.jpg","price":"3,50 €","price_unit":"(9,46 € / Kilo)","categories":["Supermercado","Alimentación General","Conservas vegetales","Tomate frito","MATA salsa de tomate frito en aceite de oliva frasco 370 g"],"general_information":["Denominación del alimento: TOMATE FRITO","Nombre del operador: PRODUCTOS MATA, S.A.","Dirección del operador: C/ Muralla s/n - 23660 Alcaudete (Jaén) , ESPAÑA","Cantidad Neta: 370 g"],"ingredients":[" Tomate, aceite de oliva, azúcar, sal y especias."],"ean":"8410163010174"},{"full_name":"PEDRO LUIS tomate frito de cultivo ecológico frasco 660 g","name":"tomate frito de cultivo ecológico frasco 660 g","brand":"PEDRO LUIS ","img":"https://sgfm.elcorteingles.es/SGFM/00/03/7/0200143700037/0200143700037000g01011.jpg","price":"2,69 €","price_unit":"(4,08 € / Kilo)","categories":["Supermercado","Alimentación General","Conservas vegetales","Tomate frito","PEDRO LUIS tomate frito de cultivo ecológico frasco 660 g"],"general_information":["Denominación del alimento: Tomate de agricultura ecológica, frito.","País de origen: España","Nombre del operador: Conservas Pedro Luís, S.L.","Dirección del operador: Pol.Industrial El Ramal, C/Del Ramal 19 -31580- Lodosa (Navarra)","Cantidad Neta: 660 g","Otras menciones obligatorias en la etiqueta: Procedente de la agricultura ecológica. ES-ECO-025-NA. Agricultura de España"],"ingredients":[" Tomate*, aceite de oliva virgen extra*, cebolla*, puerro*, sal, azúcar de caña*, ajo* y corrector de acidez: ácido cítrico.    *Procedente de agricultura ecologica"],"conservation":" Conservar en lugar fresco y seco, protegido de la luz. Una vez abierto, conservar en el frigorifico y consumir antes de 5 dias.","ean":"8425205012047"},{"full_name":"SANDOVAL tomate frito con aceite de oliva lata 420 g","name":"tomate frito con aceite de oliva lata 420 g","brand":"SANDOVAL ","img":"https://sgfm.elcorteingles.es/SGFM/01/29/4/0200143501294/0200143501294000g01011.jpg","price":"0,99 €","price_unit":"(2,36 € / Kilo)","categories":["Supermercado","Alimentación General","Conservas vegetales","Tomate frito","SANDOVAL tomate frito con aceite de oliva lata 420 g"],"general_information":[],"ingredients":[],"ean":"8436007461544"},{"full_name":"A ROSALEIRA fritada al natural lata 310 g neto escurrido","name":"fritada al natural lata 310 g neto escurrido","brand":"A ROSALEIRA ","img":"https://sgfm.elcorteingles.es/SGFM/01/34/7/0118043501347/0118043501347000g01011.jpg","price":"1,69 €","price_unit":"(5,45 € / Kilo)","categories":["Supermercado","Alimentación General","Conservas vegetales","Tomate frito","A ROSALEIRA fritada al natural lata 310 g neto escurrido"],"general_information":["Denominación del alimento: Base para fritada al natural","País de origen: España","Nombre del operador: Conservas A Rosaleira, S.L.","Dirección del operador: C/ Cumieira, 30 -36770 O Rosal (Pontevedra)","Lugar de procedencia del alimento: GALICIA/ESPAÑA","Cantidad Neta: 400 g","Peso neto escurrido: 310 g"],"ingredients":[" Tomate y pimiento verde"],"conservation":" TEMPERATURA AMBIENTE","ean":"8427802114001"},{"full_name":"EL ARTESANO fritada berciana de tomate frasco 280 g","name":"fritada berciana de tomate frasco 280 g","brand":"EL ARTESANO ","img":"https://sgfm.elcorteingles.es/SGFM/00/69/5/0118043500695/0118043500695000g01011.jpg","price":"1,81 €","price_unit":"(6,24 € / Kilo)","categories":["Supermercado","Alimentación General","Conservas vegetales","Tomate frito","EL ARTESANO fritada berciana de tomate frasco 280 g"],"general_information":[],"ingredients":[],"ean":"8424608200020"},{"full_name":"ALIADA tomate frito frasco 550 g","name":"tomate frito frasco 550 g","brand":"ALIADA ","img":"https://sgfm.elcorteingles.es/SGFM/dctm/MEDIA02/CONTENIDOS/201504/17/00118043502089000_1__600x600.jpg","price":"0,70 €","price_unit":"(1,27 € / Kilo)","categories":["Supermercado","Alimentación General","Salsas, ketchup y tomate frito","Tomate frito","ALIADA tomate frito frasco 550 g"],"general_information":["Denominación del alimento: Tomate Frito","Nombre del operador: Elaborado para el Grupo El Corte Inglés\nHermosilla,  112 - 28009 Madrid - España por NIF: A31204175","Cantidad Neta: 550 g","Número de raciones por envase: 18 de 30 g"],"ingredients":[" Ingredientes: Tomate (140 g de tomate por 100 g de producto), aceite de girasol, almidón modificado de maíz, verduras (cebolla y ajo), azúcar, sal y acidulante: ácido cítrico."],"conservation":" Conservar en lugar fresco y seco. Una vez abierto el envase, conservar refrigerado y consumir en un plazo inferior a 3 días.","ean":"8433329061964"},{"full_name":"ALIADA tomate frito receta tradicional frasco 550 g","name":"tomate frito receta tradicional frasco 550 g","brand":"ALIADA ","img":"https://sgfm.elcorteingles.es/SGFM/dctm/MEDIA03/201608/29/00118043502162____1__600x600.jpg","price":"1,77 €","categories":["Supermercado","Alimentación General","Salsas, ketchup y tomate frito","Tomate frito","ALIADA tomate frito receta tradicional frasco 550 g"],"general_information":["Denominación del alimento: Tomate frito","Nombre del operador: Elaborado para El Corte Inglés \nHermosilla, 112\n28009 Madrid - España\npor A30005920","Lugar de procedencia del alimento: Producto de España","Cantidad Neta: 550 g"],"ingredients":[" Ingredientes: Tomate, \naceite de oliva (15%), \nazúcar, sal, ajo\n y acidulante: ácido cítrico Puede contener trazas de leche y derivados y apio"],"conservation":" Conservar en lugar fresco y seco y alejado de la luz. Después de abrir, conservar en frigorífico y consumir en un plazo inferior a 3 días.","ean":"8433329072724"},{"full_name":"ORLANDO tomate frito con aceite de oliva virgen extra pack 3 envase 350 g","name":"tomate frito con aceite de oliva virgen extra pack 3 envase 350 g","brand":"ORLANDO ","img":"https://sgfm.elcorteingles.es/SGFM/dctm/MEDIA03/201704/06/00118043502261____1__600x600.jpg","price":"2,79 €","price_unit":"(2,66 € / Kilo)","categories":["Supermercado","Alimentación General","Salsas, ketchup y tomate frito","Tomate frito","ORLANDO tomate frito con aceite de oliva virgen extra pack 3 envase 350 g"],"general_information":[],"ingredients":[],"ean":"8410066128273"},{"full_name":"ORLANDO tomate frito patrulla canina envase 500 g","name":"tomate frito patrulla canina envase 500 g","brand":"ORLANDO ","img":"https://sgfm.elcorteingles.es/SGFM/dctm/MEDIA03/201704/10/00118043502287____1__600x600.jpg","price":"0,95 €","price_unit":"(0,15 € / Kilo)","categories":["Supermercado","Alimentación General","Salsas, ketchup y tomate frito","Tomate frito","ORLANDO tomate frito patrulla canina envase 500 g"],"general_information":[],"ingredients":[],"ean":"8410066128655"},{"full_name":"ORLANDO tomate frito sofrito casero frasco 500 g","name":"tomate frito sofrito casero frasco 500 g","brand":"ORLANDO ","img":"https://sgfm.elcorteingles.es/SGFM/dctm/MEDIA03/201612/27/00118043502196____1__600x600.jpg","price":"1,10 €","categories":["Supermercado","Alimentación General","Salsas, ketchup y tomate frito","Tomate frito","ORLANDO tomate frito sofrito casero frasco 500 g"],"general_information":["Denominación del alimento: Tomate Frito","Nombre del operador: H.J. Heinz Foods Spain S.L.","Dirección del operador: Ctra. Rincón de Soto-Corella km 2,8. 26540 Alfaro (La Rioja)","Cantidad Neta: 500 g"],"ingredients":[" Tomate (160 g por 100 g de tomate frito), aceite de girasol (3,4%), (sofrito con cebollas y ajos frescos), azúcar, almidón modificado de maiz y sal."],"conservation":" Conservar en lugar fresco y seco. Una vez abierto, conservar en frigorifíco y consumir antes de 5 días.","ean":"8410066127733"},{"full_name":"ORLANDO tomate frito estilo casero con tomates de temporada frasco 500 g","name":"tomate frito estilo casero con tomates de temporada frasco 500 g","brand":"ORLANDO ","img":"https://sgfm.elcorteingles.es/SGFM/dctm/MEDIA03/201711/13/00118043502337____1__600x600.jpg","price":"1,89 €","price_unit":"(3,78 € / Kilo)","categories":["Supermercado","Alimentación General","Salsas, ketchup y tomate frito","Tomate frito","ORLANDO tomate frito estilo casero con tomates de temporada frasco 500 g"],"general_information":["Denominación del alimento: Tomate Frito","Nombre del operador: H.J. Heinz Foods Spain S.L.","Dirección del operador: Ctra. Rincón de Soto-Corella km 2,8. 26540 Alfaro (La Rioja)","Cantidad Neta: 500 g"],"ingredients":[" Tomate (174 g por 100 g de tomate frito), aceite de girasol (5%), (sofrito con cebollas y ajos frescos), cebbolla (4%), azúcar y sal."],"conservation":" Conservar en lugar fresco y seco. Una vez abierto, conservar en frigorifíco y consumir antes de 5 días.","ean":"8410066129768"},{"full_name":"ORLANDO tomate frito orlando con aceite de oliva virgen extra frasco 500 g","name":"tomate frito orlando con aceite de oliva virgen extra frasco 500 g","brand":"ORLANDO ","img":"https://sgfm.elcorteingles.es/SGFM/dctm/MEDIA03/201701/04/00118043502204____1__600x600.jpg","price":"1,75 €","categories":["Supermercado","Alimentación General","Salsas, ketchup y tomate frito","Tomate frito","ORLANDO tomate frito orlando con aceite de oliva virgen extra frasco 500 g"],"general_information":["Denominación del alimento: Tomate Frito","Nombre del operador: H.J. Heinz Foods Spain S.L.","Dirección del operador: Ctra. Rincón de Soto-Corella km 2,8. 26540 Alfaro (La Rioja)","Cantidad Neta: 500 g"],"ingredients":[" Tomate (170 g por 100 g de tomate frito), aceite de oliva virgen extra (3,5%), (sofrito con cebollas y ajos frescos), azúcar, sal y fibra."],"conservation":" Conservar en lugar fresco y seco. Una vez abierto, conservar en frigorifíco y consumir antes de 5 días.","ean":"8410066127764"},{"full_name":"ORLANDO tomate frito ecológico frasco 500 g","name":"tomate frito ecológico frasco 500 g","brand":"ORLANDO ","img":"https://sgfm.elcorteingles.es/SGFM/dctm/MEDIA03/201704/06/00118043700063____1__600x600.jpg","price":"2,35 €","price_unit":"(4,70 € / Kilo)","categories":["Supermercado","Alimentación General","Salsas, ketchup y tomate frito","Tomate frito","ORLANDO tomate frito ecológico frasco 500 g"],"general_information":["Denominación del alimento: Tomate Frito","Nombre del operador: H.J. Heinz Foods Spain S.L.","Dirección del operador: Ctra. Rincón de Soto-Corella km 2,8. 26540 Alfaro (La Rioja)","Cantidad Neta: 500 g"],"ingredients":[" Tomate (154 g por 100 g de producto), aceite de girasol (3,1%), (sofrito con cebollas y ajos frescos), azúcar, almidón de maiz y sal. (Ingredientes ecológicos certificados)"],"conservation":" Conservar en lugar fresco y seco. Una vez abierto, conservar en frigorifíco y consumir antes de 5 días.","ean":"8410066127795"},{"full_name":"SOLIS tomate frito estilo casero 100% natural frasco 550 g","name":"tomate frito estilo casero 100% natural frasco 550 g","brand":"SOLIS ","img":"https://sgfm.elcorteingles.es/SGFM/dctm/MEDIA03/201710/09/00118043502436____1__600x600.jpg","price":"1,79 €","price_unit":"(3,25 € / Kilo)","categories":["Supermercado","Alimentación General","Salsas, ketchup y tomate frito","Tomate frito","SOLIS tomate frito estilo casero 100% natural frasco 550 g"],"general_information":["Denominación del alimento: Tomate frito","Nombre del operador: Nestlé España, S.A.","Dirección del operador: NESTLÉ ESPAÑA, S.A. ? Edificio Nestlé ? 08950 ? Esplugues de Llobregat (Barcelona)","Cantidad Neta: 550 g"],"ingredients":[" Tomate y concentrado de tomate (144 g de tomate para elaborar 100 g de tomate frito), cebolla (6%), aceite de girasol (5,7%), azúcar, aceite de oliva (1%), sal."],"conservation":" Una vez abierto, mantener en el frigorífico un máximo de 7 días","ean":"7613035958517"},{"full_name":"SOLIS tomate frito pack 2 frasco 460 g","name":"tomate frito pack 2 frasco 460 g","brand":"SOLIS ","img":"https://sgfm.elcorteingles.es/SGFM/dctm/MEDIA03/201602/08/00200143502201____1__600x600.jpg","price":"1,75 €","categories":["Supermercado","Alimentación General","Salsas, ketchup y tomate frito","Tomate frito","SOLIS tomate frito pack 2 frasco 460 g"],"general_information":["Denominación del alimento: TOMATE FRITO","Nombre del operador: Nestlé España, S.A.","Dirección del operador: Nestlé España S.A. Edificio Nestlé 08950 Esplugues de Llobregat (Barcelona)","Cantidad Neta: 920 g"],"ingredients":[" Ingredientes: Tomate y concentrado de tomate (167 g de tomate para elaborar 100g de tomate frito), aceite de girasol, azúcar, almidón modificado de maíz, sal, cebolla, ajo, pimienta blanca, aromas naturales."],"conservation":" Una vez abierto, mantener en el frigorífico un máximo de 7 días","ean":"7613033114397"},{"full_name":"SOLIS tomate frito sabor suave de cultivo local envase 320 g","name":"tomate frito sabor suave de cultivo local envase 320 g","brand":"SOLIS ","img":"https://sgfm.elcorteingles.es/SGFM/dctm/MEDIA03/201703/02/00118043502253____1__600x600.jpg","price":"0,69 €","price_unit":"(2,16 € / Kilo)","categories":["Supermercado","Alimentación General","Salsas, ketchup y tomate frito","Tomate frito","SOLIS tomate frito sabor suave de cultivo local envase 320 g"],"general_information":["Denominación del alimento: Tomate frito","Nombre del operador: Nestlé España, S.A.","Dirección del operador: NESTLÉ ESPAÑA, S.A. Edificio Nestlé ? 08950 ? Esplugues de Llobregat (Barcelona)","Cantidad Neta: 320 g"],"ingredients":[" Tomate y concentrado de tomate (145 g de tomate para elaborar 100 g de tomate frito), aceite de girasol, azúcar, almidón modificado de maíz, sal, cebolla, ajo, pimienta blanca."],"conservation":" Una vez abierto, mantener en el frigorífico un máximo de 7 días.","ean":"7613035954892"},{"full_name":"HELIOS tomate frito pack 2 frasco 570 g","name":"tomate frito pack 2 frasco 570 g","brand":"HELIOS ","img":"https://sgfm.elcorteingles.es/SGFM/dctm/MEDIA03/201709/21/00118043502345____1__600x600.jpg","price":"2,95 €","price_unit":"(2,84 € / Kilo)","categories":["Supermercado","Alimentación General","Salsas, ketchup y tomate frito","Tomate frito","HELIOS tomate frito pack 2 frasco 570 g"],"general_information":[],"ingredients":[],"ean":"8410095506844"},{"full_name":"HELIOS salsa tomate estilo casero pack 2 frasco 570 g","name":"salsa tomate estilo casero pack 2 frasco 570 g","brand":"HELIOS ","img":"https://sgfm.elcorteingles.es/SGFM/dctm/MEDIA03/201709/21/00118043502329____1__600x600.jpg","price":"3,19 €","price_unit":"(3,07 € / Kilo)","categories":["Supermercado","Alimentación General","Salsas, ketchup y tomate frito","Tomate frito","HELIOS salsa tomate estilo casero pack 2 frasco 570 g"],"general_information":[],"ingredients":[],"ean":"8410095506882"},{"full_name":"IBSA tomate frito el sabor de siempre frasco 530 g","name":"tomate frito el sabor de siempre frasco 530 g","brand":"IBSA ","img":"https://sgfm.elcorteingles.es/SGFM/dctm/MEDIA03/201704/06/00118043502238____1__600x600.jpg","price":"1,85 €","price_unit":"(3,49 € / Kilo)","categories":["Supermercado","Alimentación General","Salsas, ketchup y tomate frito","Tomate frito","IBSA tomate frito el sabor de siempre frasco 530 g"],"general_information":["Denominación del alimento: TOMATE FRITO 15% ACEITE OLIVA VIRGEN EXTRA 530g","Nombre del operador: INDUSTRIAS DEL BIERZO S.A.","Dirección del operador: C/ San Roque s/n Carracedelo, 24549","Cantidad Neta: 530 g"],"ingredients":[" Tomate, aceite de oliva virgen extra (15%), azúcar, sal y acidulante: ácido cítrico."],"ean":"8412464067116"},{"full_name":"APIS tomate frito pack 6 envase 400 g","name":"tomate frito pack 6 envase 400 g","brand":"APIS ","img":"https://sgfm.elcorteingles.es/SGFM/dctm/MEDIA02/CONTENIDOS/201503/03/00118043502063____1__600x600.jpg","price":"3,45 €","price_unit":"(1,44 € / Kilo)","categories":["Supermercado","Alimentación General","Salsas, ketchup y tomate frito","Tomate frito","APIS tomate frito pack 6 envase 400 g"],"general_information":["Denominación del alimento: Tomate frito","Nombre del operador: CARNES Y VEGETALES, SL","Dirección del operador: Pol. Ind. El Prado c/Sevilla P. 1 y 2 Mérida  (Badajoz) - ESPAÑA","Cantidad Neta: 2400 g"],"ingredients":[" Tomate (170g para elaborar 100g de producto), aceite de girasol, jarabe de glucosa y fructosa, azúcar, manzana, almidón modificado, sal, aromas y especias."],"ean":"8410218205890"},{"full_name":"GVTARRA fritada piperrada tomate con pimiento frasco 660 g","name":"fritada piperrada tomate con pimiento frasco 660 g","brand":"GVTARRA ","img":"https://sgfm.elcorteingles.es/SGFM/dctm/MEDIA03/201702/01/00118043502220____1__600x600.jpg","price":"2,35 €","price_unit":"(3,56 € / Kilo)","categories":["Supermercado","Alimentación General","Salsas, ketchup y tomate frito","Tomate frito","GVTARRA fritada piperrada tomate con pimiento frasco 660 g"],"general_information":["Denominación del alimento: Piperrada","País de origen: España","Nombre del operador: RIBEREBRO INTEGRAL, SAU","Dirección del operador: Poligono Industrial La Llanada - 26540 Alfaro La Rioja","Cantidad Neta: 660 g","Número de raciones por envase: 1"],"ingredients":[" Tomate, pimiento, cebolla, aceite de girasol, azúcar, sal, ajo, estabilizante: E-412 y E-415, acidulante: E-330"],"conservation":" Una vez abierto el tarro conservar en el frigorífico","ean":"8410514141106"},{"full_name":"BIOSABOR Gourmet tomate frito ecológico sin gluten envase 510 g","name":"Gourmet tomate frito ecológico sin gluten envase 510 g","brand":"BIOSABOR ","img":"https://sgfm.elcorteingles.es/SGFM/dctm/MEDIA03/201607/11/00120752600245____1__600x600.jpg","price":"2,16 €","price_unit":"(4,24 € / Kilo)","categories":["Supermercado","Dietéticos","Alimentación básica dietética","Salsas","BIOSABOR Gourmet tomate frito ecológico sin gluten envase 510 g"],"general_information":[],"ingredients":[],"ean":"8437010207464"},{"full_name":"P.LISTO tomate frito casero frasco 400 g","name":"tomate frito casero frasco 400 g","brand":"P.LISTO ","img":"https://sgfm.elcorteingles.es/SGFM/dctm/MEDIA03/201707/07/00118043502303____1__600x600.jpg","price":"1,50 €","price_unit":"(3,75 € / Kilo)","categories":["Supermercado","Alimentación General","Salsas, ketchup y tomate frito","Tomate frito","P.LISTO tomate frito casero frasco 400 g"],"general_information":[],"ingredients":[],"ean":"8437005794375"},{"full_name":"EL CORTE INGLES ketchup envase 560 g","name":"ketchup envase 560 g","brand":"EL CORTE INGLES ","img":"https://sgfm.elcorteingles.es/SGFM/dctm/MEDIA03/201709/25/00118016201065____1__600x600.jpg","price":"0,79 €","price_unit":"(1,41 € / Kilo)","categories":["Supermercado","Alimentación General","Salsas, ketchup y tomate frito","Ketchup","EL CORTE INGLES ketchup envase 560 g"],"general_information":["Denominación del alimento: KETCHUP","Nombre del operador: Elaborado para El Corte Inglés por Aliminter S.A. C/Río Segura nº9 30562 Ceutí (Murcia) - España","Cantidad Neta: 560 g"],"ingredients":[" Ingredientes: Tomate (145 g de tomate para elaborar 100 g de producto) , azúcar, vinagre de alcohol, almidón modificado de maíz, sal , pectina (E-440), aroma natural"],"conservation":" Conervar en lugar fresco y seco alejado de la luz. Una vez abierto conservar en el frigorífico.","ean":"8433329075602"},{"full_name":"ALIADA ketchup envase 300 g","name":"ketchup envase 300 g","brand":"ALIADA ","img":"https://sgfm.elcorteingles.es/SGFM/00/45/5/0118016200455/0118016200455000g01011.jpg","price":"0,49 €","price_unit":"(1,63 € / Kilo)","categories":["Supermercado","Alimentación General","Salsas, ketchup y tomate frito","Ketchup","ALIADA ketchup envase 300 g"],"general_information":["Denominación del alimento: Ketchup","Nombre del operador: El Corte Inglés  S.A","Dirección del operador: C/Hermosilla, 112 -28009 Madrid (Madrid)","Cantidad Neta: 300 g"],"ingredients":[" tomate (152g de tomate para elaborar 100g de este producto), vinagre, azúcar, almidón modificado de maíz, sal, conservador: sorbato potásico, acidulante: ácido cítrico, especias y aromas."],"conservation":" Conservar en lugar fresco y seco al abrigo de la luz. Una vez abierto conservar en el frigorífico.","ean":"8433329015639"},{"full_name":"HEINZ ketchup extra control envase 910 g","name":"ketchup extra control envase 910 g","brand":"HEINZ ","img":"https://sgfm.elcorteingles.es/SGFM/dctm/MEDIA03/201703/31/00118016200950____1__600x600.jpg","price":"3,99 €","price_unit":"(4,38 € / Kilo)","categories":["Supermercado","Alimentación General","Salsas, ketchup y tomate frito","Ketchup","HEINZ ketchup extra control envase 910 g"],"general_information":["Denominación del alimento: Tomato Ketchup","Nombre del operador: H.J. Heinz Foods Spain S.L.","Dirección del operador: Ctra. Rincón de Soto-Corello km 2,8. 26540 Alfaro (La Rioja)","Cantidad Neta: 910 g"],"ingredients":[" Tomates (132g por 100g de Tomato Ketchup), vinagre de alcohol, azúcar, sal, extractos de especia y hierba aromática (contiene apio), especias. Contiene apio"],"conservation":" Una vez abierto conservar en frigorífico, agitar antes de usar","ean":"0000087157543"},{"full_name":"HEINZ ketchup extra control envase 700 g","name":"ketchup extra control envase 700 g","brand":"HEINZ ","img":"https://sgfm.elcorteingles.es/SGFM/00/43/7/0200116200437/0200116200437000g01011.jpg","price":"3,23 €","price_unit":"(4,61 € / Kilo)","categories":["Supermercado","Alimentación General","Salsas, ketchup y tomate frito","Ketchup","HEINZ ketchup extra control envase 700 g"],"general_information":["Denominación del alimento: Tomato Ketchup","Nombre del operador: H.J. Heinz Foods Spin S.L.","Dirección del operador: Ctra. Rincón de Soto-Corello km 2,8. 26540 Alfaro (La Rioja)","Cantidad Neta: 700 g"],"ingredients":[" Tomates (132g por 100g de Tomato Ketchup), vinagre de alcohol, azúcar, sal, extractos de especia y hierba aromática (contiene apio), especias. Contiene apio"],"conservation":" Una vez abierto conservar en frigorífico, agitar antes de usar","ean":"0000087157260"},{"full_name":"HEINZ ketchup envase 570 g","name":"ketchup envase 570 g","brand":"HEINZ ","img":"https://sgfm.elcorteingles.es/SGFM/00/14/1/0118016200141/0118016200141000g01011.jpg","price":"2,95 €","price_unit":"(5,18 € / Kilo)","categories":["Supermercado","Alimentación General","Salsas, ketchup y tomate frito","Ketchup","HEINZ ketchup envase 570 g"],"general_information":["Denominación del alimento: Tomato Ketchup","Nombre del operador: H.J. Heinz Foods Spin S.L.","Dirección del operador: Ctra. Rincón de Soto-Corello km 2,8. 26540 Alfaro (La Rioja)","Cantidad Neta: 570 g"],"ingredients":[" Tomates (148g por 100g de Tomato Ketchup), vinagre de alcohol, azúcar, sal, extractos de especia y hierba aromática (contiene apio), especias. Contiene apio"],"conservation":" Una vez abierto conservar en frigorífico, agitar antes de usar","ean":"8715700017006"},{"full_name":"HEINZ ketchup picante fiery envase 255 g","name":"ketchup picante fiery envase 255 g","brand":"HEINZ ","img":"https://sgfm.elcorteingles.es/SGFM/dctm/MEDIA02/CONTENIDOS/201501/08/00118016200752____2__600x600.jpg","price":"1,41 €","price_unit":"(5,53 € / Kilo)","categories":["Supermercado","Alimentación General","Salsas, ketchup y tomate frito","Ketchup","HEINZ ketchup picante fiery envase 255 g"],"general_information":["Denominación del alimento: Tomato Ketchup con chile picante","Nombre del operador: H.J. Heinz Foods Spain S.L.","Dirección del operador: Ctra. Rincón de Soto-Corello km 2,8. 26540 Alfaro (La Rioja)","Cantidad Neta: 255,0 g"],"ingredients":[" Tomates (166g por 100g de Tomato Ketchup), vinagre de alcohol, azúcar, sal, extracto de chile, extractos de especias, pimienta de Cayena en polvo y ajo en polvo."],"conservation":" Una vez abierto conservar en frigorífico, agitar antes de usar","ean":"0000087157352"},{"full_name":"HEINZ ketchup envase 1 kg","name":"ketchup envase 1 kg","brand":"HEINZ ","img":"https://sgfm.elcorteingles.es/SGFM/dctm/MEDIA03/201705/12/00118016200992____1__600x600.jpg","price":"3,99 €","price_unit":"(3,99 € / Kilo)","categories":["Supermercado","Alimentación General","Salsas, ketchup y tomate frito","Ketchup","HEINZ ketchup envase 1 kg"],"general_information":["Denominación del alimento: Tomato Ketchup","Nombre del operador: H.J. Heinz Foods Spin S.L.","Dirección del operador: Ctra. Rincón de Soto-Corello km 2,8. 26540 Alfaro (La Rioja)","Cantidad Neta: 1,0 Kilogramos"],"ingredients":[" Tomates (148g por 100g de Tomato Ketcup), vinagre de alcohol, azúcar, sal, extractos de especia y hierba aromática (contiene apio), especias. Contiene apio"],"conservation":" Una vez abierto conservar en frigorífico, agitar antes de usar","ean":"8715700016504"},{"full_name":"HEINZ ketchup envase 342 g","name":"ketchup envase 342 g","brand":"HEINZ ","img":"https://sgfm.elcorteingles.es/SGFM/00/30/7/0118016200307/0118016200307000g01011.jpg","price":"1,70 €","price_unit":"(4,97 € / Kilo)","categories":["Supermercado","Alimentación General","Salsas, ketchup y tomate frito","Ketchup","HEINZ ketchup envase 342 g"],"general_information":["Denominación del alimento: Tomato Ketchup","Nombre del operador: H.J. Heinz Foods Spin S.L.","Dirección del operador: Ctra. Rincón de Soto-Corello km 2,8. 26540 Alfaro (La Rioja)","Cantidad Neta: 342 g"],"ingredients":[" Tomates (132g por 100g de Tomato Ketchup), vinagre de alcohol, azúcar, sal, extractos de especia y hierba aromática (contiene apio), especias. Contiene apio y maíz"],"conservation":" Una vez abierto conservar en frigorífico, agitar antes de usar","ean":"0000087157635"},{"full_name":"HEINZ ketchup extra control ecológico envase 580 g","name":"ketchup extra control ecológico envase 580 g","brand":"HEINZ ","img":"https://sgfm.elcorteingles.es/SGFM/dctm/MEDIA02/CONTENIDOS/201504/15/00118016400022____1__600x600.jpg","price":"2,97 €","price_unit":"(5,12 € / Kilo)","categories":["Supermercado","Alimentación General","Salsas, ketchup y tomate frito","Ketchup","HEINZ ketchup extra control ecológico envase 580 g"],"general_information":["Denominación del alimento: Tomato Ketchup Ecológico","Nombre del operador: H.J. Heinz Foods Spin S.L.","Dirección del operador: Ctra. Rincón de Soto-Corello km 2,8. 26540 Alfaro (La Rioja)","Cantidad Neta: 580 g"],"ingredients":[" Tomates (180g por 100g de Tomato Ketchup), jarabe de azúcar invertido, vinagre de alcohol, sal, especies (contiene apio), cebolla en polvo, ajo en polvo (*Ingredientes ecológicos certficados). Contiene apio"],"conservation":" Una vez abierto conservar en frigorífico, agitar antes de usar","ean":"8715700407760"},{"full_name":"HEINZ ketchup light envase 550 g","name":"ketchup light envase 550 g","brand":"HEINZ ","img":"https://sgfm.elcorteingles.es/SGFM/00/66/1/0118016200661/0118016200661000g01011.jpg","price":"2,79 €","price_unit":"(5,07 € / Kilo)","categories":["Supermercado","Alimentación General","Salsas, ketchup y tomate frito","Ketchup","HEINZ ketchup light envase 550 g"],"general_information":["Denominación del alimento: Frutos secos vitality mix sin sal y sin freír","Nombre del operador: H.J. Heinz Foods Spain S.L.","Dirección del operador: Ctra. Rincón de Soto-Corella km 2,8. 26540 Alfaro (La Rioja)","Cantidad Neta: 155 g"],"ingredients":[" Cacahuetes (30%), arándanos enriquecidos con zumo (30%, concentrado de zumo de piña, arándanos, aceite de girasol), almendras (20%), anacardos (20%). Puede contener trazas de otros frutos de cáscara."],"conservation":" Conservar en lugar fresco y seco. Una vez abierto, mantener en envase cerrado para conservar la frescura del producto, y consumir preferentemente antes de 7 días. Envasado en atmósfera protectora.","ean":"8715700423852"},{"full_name":"HEINZ ketchup Top Down envase 250 g","name":"ketchup Top Down envase 250 g","brand":"HEINZ ","img":"https://sgfm.elcorteingles.es/SGFM/00/51/3/0118016200513/0118016200513000g01011.jpg","price":"1,67 €","price_unit":"(6,68 € / Kilo)","categories":["Supermercado","Alimentación General","Salsas, ketchup y tomate frito","Ketchup","HEINZ ketchup Top Down envase 250 g"],"general_information":["Denominación del alimento: Tomato Ketchup","Nombre del operador: H.J. Heinz Foods Spin S.L.","Dirección del operador: Ctra. Rincón de Soto-Corello km 2,8. 26540 Alfaro (La Rioja)","Cantidad Neta: 250 g"],"ingredients":[" Tomates (148g por 100g de Tomato Ketchup), vinagre de alcohol, azúcar, sal, extractos de especia y hierba aromática (contiene apio), especias. Contiene apio"],"conservation":" Una vez abierto conservar en frigorífico, agitar antes de usar","ean":"0000087157215"},{"full_name":"PRIMA ketchup original envase 600 g","name":"ketchup original envase 600 g","brand":"PRIMA ","img":"https://sgfm.elcorteingles.es/SGFM/dctm/MEDIA02/CONTENIDOS/201502/11/00118016200786____1__600x600.jpg","price":"2,01 €            ","price_unit":"(3,30 € / Kilo)","categories":["Supermercado","Alimentación General","Salsas, ketchup y tomate frito","Ketchup","PRIMA ketchup original envase 600 g"],"general_information":["Denominación del alimento: Kétchup original","Nombre del operador: Bolton Cile España","Dirección del operador: C/ Ombú nº3 28045 Madrid, España","Cantidad Neta: 600 g"],"ingredients":[" Tomate (159 g por cada 100 g de kétchup), jarabe de glucosa-fructosa, vinagre, sal, almidón modificado, aroma, conservadores (sorbato potásico y benzoato sódico)"],"ean":"8410118042465"},{"full_name":"PRIMA ketchup original envase 325 g","name":"ketchup original envase 325 g","brand":"PRIMA ","img":"https://sgfm.elcorteingles.es/SGFM/dctm/MEDIA02/CONTENIDOS/201502/11/00118016200778____1__600x600.jpg","price":"1,36 €            ","price_unit":"(3,97 € / Kilo)","categories":["Supermercado","Alimentación General","Salsas, ketchup y tomate frito","Ketchup","PRIMA ketchup original envase 325 g"],"general_information":["Denominación del alimento: Ketchup Original","Nombre del operador: Bolton Cile España","Dirección del operador: C/. Ombú nº 3   28045 Madrid, España","Cantidad Neta: 325 g"],"ingredients":[" Tomate (159 g por 100 g de ketchup), Jarabe de glucosa-fructosa, Vinagre, Sal, Almidón modificado, Aroma, Conservadores: sorbato potásico y benzoato sódico"],"ean":"8410118042397"},{"full_name":"PRIMA ketchup 15 bolsitas de 10 g envase 150 g","name":"ketchup 15 bolsitas de 10 g envase 150 g","brand":"PRIMA ","img":"https://sgfm.elcorteingles.es/SGFM/dctm/MEDIA02/CONTENIDOS/201503/13/00118016200059000_1__600x600.jpg","price":"1,38 €            ","price_unit":"(8,73 € / Kilo)","categories":["Supermercado","Alimentación General","Salsas, ketchup y tomate frito","Ketchup","PRIMA ketchup 15 bolsitas de 10 g envase 150 g"],"general_information":[],"ingredients":[],"ean":"8410118019924"},{"full_name":"PRIMA ketchup cero sin azúcares añadidos envase 570 g","name":"ketchup cero sin azúcares añadidos envase 570 g","brand":"PRIMA ","img":"https://sgfm.elcorteingles.es/SGFM/dctm/MEDIA03/201704/10/00118016201024____1__600x600.jpg","price":"2,53 €            ","price_unit":"(4,18 € / Kilo)","categories":["Supermercado","Alimentación General","Salsas, ketchup y tomate frito","Ketchup","PRIMA ketchup cero sin azúcares añadidos envase 570 g"],"general_information":["Denominación del alimento: KETCHUP","Nombre del operador: BOLTON CILE ESPAÑA, S.A.","Dirección del operador: C/ Ombú nº 3, 28045 Madrid, España","Cantidad Neta: 570 g"],"ingredients":[" Tomate, vinagre, sal, fibra vegetal, estabilizantes (goma guar y goma garrofín), aroma, edulcorante (sucralosa), conservadores (sorbato potásico y benzoato sódico)"],"ean":"8410118044582"},{"full_name":"HELLMANN'S ketchup envase 430 g","name":"ketchup envase 430 g","brand":"HELLMANN'S ","img":"https://sgfm.elcorteingles.es/SGFM/dctm/MEDIA03/201706/20/00118016200521____8__600x600.jpg","price":"1,79 €","price_unit":"(4,16 € / Litro)","categories":["Supermercado","Alimentación General","Salsas, ketchup y tomate frito","Ketchup","HELLMANN'S ketchup envase 430 g"],"general_information":["Denominación del alimento: Ketchup","Nombre del operador: Unilever España S.A.","Dirección del operador: C/Tecnología 19, 08840 Viladecans (Barcelona)","Cantidad Neta: 486 g"],"ingredients":[" Puré de tomate y tomate concentrado (150 g de tomate¹ para elaborar 100 g de ketchup), azúcar, vinagre de alcohol, fibra de tomate¹, sal, aromas naturales, especias. ¹Cultivado de forma sostenible."],"conservation":" Una vez abierto, consérvese en el frigorífico.","ean":"8712566166480"},{"full_name":"HELLMANN'S ketchup endulzado solo con miel envase 430 ml","name":"ketchup endulzado solo con miel envase 430 ml","brand":"HELLMANN'S ","img":"https://sgfm.elcorteingles.es/SGFM/dctm/MEDIA03/201706/23/00118016201057____7__600x600.jpg","price":"2,79 €","price_unit":"(5,95 € / Kilo)","categories":["Supermercado","Alimentación General","Salsas, ketchup y tomate frito","Ketchup","HELLMANN'S ketchup endulzado solo con miel envase 430 ml"],"general_information":["Denominación del alimento: Ketchup","Nombre del operador: Unilever España S.A.","Dirección del operador: C/Tecnología 19, 08840 Viladecans (Barcelona)","Cantidad Neta: 430 Mililitros"],"ingredients":[" Puré de tomate y tomate concentrado (200g de tomate¹ para elaborar 100g de Ketchup), vinagre de vino blanco, miel (12%), sal, especias. ¹Cultivados de forma sostenible."],"conservation":" Una vez abierto, consérvese en el frigorífico.","ean":"8714100091890"},{"full_name":"PRIMA kétchup clásico envase 1800 g","name":"kétchup clásico envase 1800 g","brand":"PRIMA ","img":"https://sgfm.elcorteingles.es/SGFM/00/06/4/0200116200064/0200116200064000g01011.jpg","price":"8,09 €            ","price_unit":"(4,27 € / Kilo)","categories":["Supermercado","Alimentación General","Salsas, ketchup y tomate frito","Ketchup","PRIMA kétchup clásico envase 1800 g"],"general_information":["Denominación del alimento: Ketchup Original","Nombre del operador: Bolton Cile España","Dirección del operador: C/. Ombú nº 3  28045 Madrid, España","Cantidad Neta: 1800 g"],"ingredients":[" Tomate (159 g por 100 g de ketchup), Jarabe de glucosa-fructosa, Vinagre, Sal, Almidón modificado, Aroma, Conservadores (sorbato potásico y benzoato sódico)"],"ean":"8410118020791"},{"full_name":"CHOVI ketchup kids envase 450 g","name":"ketchup kids envase 450 g","brand":"CHOVI ","img":"https://sgfm.elcorteingles.es/SGFM/dctm/MEDIA03/201704/06/00118016200976____1__600x600.jpg","price":"1,26 €","price_unit":"(2,80 € / Kilo)","categories":["Supermercado","Alimentación General","Salsas, ketchup y tomate frito","Ketchup","CHOVI ketchup kids envase 450 g"],"general_information":["Denominación del alimento: Ketchup","Nombre del operador: Chovi. S.L.U.","Dirección del operador: P.I.Font de Mussa. 46450 Benifaió (Valencia)","Cantidad Neta: 0.445 Kilogramos"],"ingredients":[" Tomate y tomate concentrado, fibra vegetal, Maltodextrina, vinagre, almidón modificado, sal, aroma natural, acidulante: ácido cítrico y edulcorante: sucralosa"],"conservation":" Una vez abierto, guardar en frigorífico","ean":"8410422004128"},{"full_name":"ORLANDO ketchup envase 265 g","name":"ketchup envase 265 g","brand":"ORLANDO ","img":"https://sgfm.elcorteingles.es/SGFM/dctm/MEDIA03/201703/17/00118016200968____1__600x600.jpg","price":"0,89 €","price_unit":"(3,36 € / Kilo)","categories":["Supermercado","Alimentación General","Salsas, ketchup y tomate frito","Ketchup","ORLANDO ketchup envase 265 g"],"general_information":["Denominación del alimento: Salsa ketchup","Nombre del operador: H.J. Heinz Foods Spin S.L.","Dirección del operador: Ctra. Rincón de Soto-Corella km 2,8. 26540 Alfaro (La Rioja)","Cantidad Neta: 235 Mililitros"],"ingredients":[" Tomates (145 g por 100g de ketchup), vinagre de alcohol, azúcar, almidón modificado de maíz, sal, conservador (sorbato potásico), extracto de especia."],"conservation":" Una vez abierto conservar en el frigorífico. Agitar antes de usar.","ean":"8410066125081"},{"full_name":"HUNTS ketchup envase 383 g","name":"ketchup envase 383 g","brand":"HUNTS ","img":"https://sgfm.elcorteingles.es/SGFM/00/67/9/0118016200679/0118016200679000g01011.jpg","price":"3,25 €","price_unit":"(8,49 € / Kilo)","categories":["Supermercado","Alimentación General","Salsas, ketchup y tomate frito","Ketchup","HUNTS ketchup envase 383 g"],"general_information":["Denominación del alimento: Ketchup","País de origen: Estados Unidos","Nombre del operador: VELDIS, S.A.","Dirección del operador: Calle Puerto de Navacerrada, 59. 28935 Móstoles (Madrid)","Cantidad Neta: 383 g"],"ingredients":[" Concentrado de tomate, jarabe de glucosa y fructosa, vinagre de alcohol, jarabe de glucosa, sal, cebolla en polvo, ajo en polvo y aromas naturales."],"conservation":" Refrigerar después de abrir.","ean":"0027000382462"},{"full_name":"LA TEJEA ketchup receta tradicional tarro 310 g","name":"ketchup receta tradicional tarro 310 g","brand":"LA TEJEA ","img":"https://sgfm.elcorteingles.es/SGFM/dctm/MEDIA02/CONTENIDOS/201511/16/00118016200836____1__600x600.jpg","price":"3,88 €","price_unit":"(12,52 € / Kilo)","categories":["Supermercado","Alimentación General","Salsas, ketchup y tomate frito","Ketchup","LA TEJEA ketchup receta tradicional tarro 310 g"],"general_information":[],"ingredients":[],"ean":"8437002018108"},{"full_name":"DE NIGRIS ketchup aceto balsamico di modena envase 300 g","name":"ketchup aceto balsamico di modena envase 300 g","brand":"DE NIGRIS ","img":"https://sgfm.elcorteingles.es/SGFM/dctm/MEDIA03/201611/04/00118016200901____1__600x600.jpg","price":"3,45 €            ","price_unit":"(9,50 € / Kilo)","categories":["Supermercado","Alimentación General","Salsas, ketchup y tomate frito","Ketchup","DE NIGRIS ketchup aceto balsamico di modena envase 300 g"],"general_information":["Denominación del alimento: Kétchup con Vinagre Balsámico de Módena","Nombre del operador: Veldis, S.A.","Dirección del operador: C/ Puerto de Navacerrada, 59. 28935 Móstoles (Madrid - España)","Cantidad Neta: 300 g"],"ingredients":[" Tomates (124 gramos por 100 gramos de kétchup), azúcar, vinagre balsámico de Módena (14%) (vinagre de vino, mosto de uva concentrado), almidón modificado de maíz, sal, especia, extractos de plantas aromáticas."],"conservation":" Una vez abierto, conservar en el frigorífico y consumir antes de 8 semanas.","ean":"8032754435724"},{"full_name":"DE NIGRIS ketchup balsamico envase 300 g","name":"ketchup balsamico envase 300 g","brand":"DE NIGRIS ","img":"https://sgfm.elcorteingles.es/SGFM/dctm/MEDIA03/201611/04/00118016200893____1__600x600.jpg","price":"3,91 €            ","price_unit":"(9,83 € / Kilo)","categories":["Supermercado","Alimentación General","Salsas, ketchup y tomate frito","Ketchup","DE NIGRIS ketchup balsamico envase 300 g"],"general_information":["Denominación del alimento: Kétchup con Vinagre Balsámico de Módena","Nombre del operador: Veldis, S.A.","Dirección del operador: C/ Puerto de Navacerrada, 59. 28935 Móstoles (Madrid - España)","Cantidad Neta: 300 g"],"ingredients":[" Tomates (124 gramos por 100 gramos de kétchup), azúcar, vinagre balsámico de Módena (14%) (vinagre de vino, mosto de uva concentrado), almidón modificado de maíz, sal, especia, extractos de plantas aromáticas."],"conservation":" Una vez abierto, conservar en el frigorífico y consumir antes de 8 semanas.","ean":"8032754433331"},{"full_name":"TARTUFI JIMMY salsa ketchup con trufa bote 280 g","name":"salsa ketchup con trufa bote 280 g","brand":"TARTUFI JIMMY ","img":"https://sgfm.elcorteingles.es/SGFM/dctm/MEDIA03/201611/04/00200116200882____1__600x600.jpg","price":"4,57 €","categories":["Supermercado","Alimentación General","Salsas, ketchup y tomate frito","Ketchup","TARTUFI JIMMY salsa ketchup con trufa bote 280 g"],"general_information":[],"ingredients":[],"ean":"8033993043497"},{"full_name":"CIDACOS tumaca listo para untar frasco 300 g","name":"tumaca listo para untar frasco 300 g","brand":"CIDACOS ","img":"https://sgfm.elcorteingles.es/SGFM/00/38/0/0118027500380/0118027500380000g01011.jpg","price":"2,15 €","price_unit":"(7,17 € / Kilo)","categories":["Supermercado","Alimentación General","Salsas, ketchup y tomate frito","Salsas usos diversos","CIDACOS tumaca listo para untar frasco 300 g"],"general_information":["Denominación del alimento: Tumaca (tomate para untar)","Nombre del operador: Conservas el Cidacos S.A.","Dirección del operador: Crta. De Calahorra km. 1 26560 Autol (La Rioja)","Lugar de procedencia del alimento: DO España","Cantidad Neta: 300,0 g"],"ingredients":[" Tomate fresco, aceite de oliva virgen extra (4%) y sal."],"conservation":" Mantener en lugar fresco y seco.","ean":"8410313296700"},{"full_name":"CARRETILLA tumaca natural con aceite de oliva pack 2 envase 185 g","name":"tumaca natural con aceite de oliva pack 2 envase 185 g","brand":"CARRETILLA ","img":"https://sgfm.elcorteingles.es/SGFM/dctm/MEDIA03/201709/06/00118027500497____1__600x600.jpg","price":"1,99 €","price_unit":"(5,38 € / Kilo)","categories":["Supermercado","Alimentación General","Salsas, ketchup y tomate frito","Salsas usos diversos","CARRETILLA tumaca natural con aceite de oliva pack 2 envase 185 g"],"general_information":["Denominación del alimento: Preparado de tomate para untar","Nombre del operador: Ind. Alim. de Navarra, S.A.U.","Dirección del operador: Pol.Peñalfons, s/n. 31330 Villafranca. Navarra - España","Cantidad Neta: 370 g"],"ingredients":[" Tomate fresco, aceite de oliva virgen extra (4%) sal y corrector de acidez: E-270."],"conservation":" Guardar en lugar fresco y seco. Una vez abierto el envase, conservar refrigerado y consumir antes de 3 días.","ean":"8410416002475"},{"full_name":"PEDRO LUIS tumaca con aceite de oliva y ajo de agricultura ecológica frasco 235 g neto escurrido","name":"tumaca con aceite de oliva y ajo de agricultura ecológica frasco 235 g neto escurrido","brand":"PEDRO LUIS ","img":"https://sgfm.elcorteingles.es/SGFM/dctm/MEDIA02/CONTENIDOS/201503/27/00118027700097____1__600x600.jpg","price":"2,15 €","price_unit":"(9,15 € / Kilo)","categories":["Supermercado","Alimentación General","Salsas, ketchup y tomate frito","Salsas usos diversos","PEDRO LUIS tumaca con aceite de oliva y ajo de agricultura ecológica frasco 235 g neto escurrido"],"general_information":["Denominación del alimento: Tomate para untar","Nombre del operador: Conservas Pedro Luís, S.L.","Dirección del operador: Pol.Industrial El Ramal, C/ Del Ramal 19 -31580- Lodosa (Navarra)","Cantidad Neta: 235,0 g","Otras menciones obligatorias en la etiqueta: Procedente de la agricultura ecológica. ES-ECO-025-NA. Agricultura de España."],"ingredients":[" Tomate*, aceite de oliva virgen extra (6.5%)*, ajo*, azúcar de caña*, sal y regulador de la acidez : ácido cítrico. *Procedente de la agricultura ecológica."],"ean":"8425205012566"},{"full_name":"ALIADA mostaza envase 300 g","name":"mostaza envase 300 g","brand":"ALIADA ","img":"https://sgfm.elcorteingles.es/SGFM/00/53/9/0118015700539/0118015700539000g01011.jpg","price":"0,60 €","price_unit":"(2 € / Kilo)","categories":["Supermercado","Alimentación General","Salsas, ketchup y tomate frito","Mostazas","ALIADA mostaza envase 300 g"],"general_information":[],"ingredients":[],"ean":"8436033822746"},{"full_name":"HELLMANN'S mostaza americana envase 265 g","name":"mostaza americana envase 265 g","brand":"HELLMANN'S ","img":"https://sgfm.elcorteingles.es/SGFM/dctm/MEDIA03/201704/20/00118015700901____2__600x600.jpg","price":"1,47 €","categories":["Supermercado","Alimentación General","Salsas, ketchup y tomate frito","Mostazas","HELLMANN'S mostaza americana envase 265 g"],"general_information":["Denominación del alimento: Mostaza a la Americana","Nombre del operador: Unilever España S.A.","Dirección del operador: C/Tecnología 19, 08840 Viladecans (Barcelona)","Cantidad Neta: 260 g"],"ingredients":[" Agua, vinagre de alcohol, semillas de MOSTAZA (21%)¹, sal, especias, conservador (METABISULFITO potásico), acidulante (ácido cítrico), hierbas aromáticas. ¹ Cultivadas de forma sostenible."],"conservation":" Una vez abierto, consérvese en el frigorífico.","ean":"8714100605578"},{"full_name":"MAILLE mostaza francesa cremosa Dijonaisse tarro 335 g","name":"mostaza francesa cremosa Dijonaisse tarro 335 g","brand":"MAILLE ","img":"https://sgfm.elcorteingles.es/SGFM/00/15/8/0118015700158/0118015700158000g01011.jpg","price":"2,75 €            ","price_unit":"(8,03 € / Kilo)","categories":["Supermercado","Alimentación General","Salsas, ketchup y tomate frito","Mostazas","MAILLE mostaza francesa cremosa Dijonaisse tarro 335 g"],"general_information":[],"ingredients":[],"ean":"3036810200931"},{"full_name":"MAILLE mostaza de Dijon original tarro 215 g","name":"mostaza de Dijon original tarro 215 g","brand":"MAILLE ","img":"https://sgfm.elcorteingles.es/SGFM/dctm/MEDIA03/201606/22/00118015700091____1__600x600.jpg","price":"3,09 €            ","price_unit":"(11,63 € / Kilo)","categories":["Supermercado","Alimentación General","Salsas, ketchup y tomate frito","Mostazas","MAILLE mostaza de Dijon original tarro 215 g"],"general_information":["Denominación del alimento: Mostaza Dijón","Nombre del operador: Bolton Cile España","Dirección del operador: C/. Ombú nº 3 28045 Madrid, España","Cantidad Neta: 215 g"],"ingredients":[" Agua, Semilla de MOSTAZA, Vinagre, Sal, Acidulante: ácido cítrico, Conservador: METABISULFITO potásico"],"ean":"3036810201280"},{"full_name":"MAILLE mostaza a la antigua francesa tarro 210 g","name":"mostaza a la antigua francesa tarro 210 g","brand":"MAILLE ","img":"https://sgfm.elcorteingles.es/SGFM/00/12/2/0200115700122/0200115700122000g01011.jpg","price":"3,09 €            ","price_unit":"(11,90 € / Kilo)","categories":["Supermercado","Alimentación General","Salsas, ketchup y tomate frito","Mostazas","MAILLE mostaza a la antigua francesa tarro 210 g"],"general_information":[],"ingredients":[],"ean":"8410118041246"},{"full_name":"MAILLE mostaza francesa fina Selección frasco 210 g","name":"mostaza francesa fina Selección frasco 210 g","brand":"MAILLE ","img":"https://sgfm.elcorteingles.es/SGFM/00/30/7/0118015700307/0118015700307000g01011.jpg","price":"4,52 €            ","price_unit":"(13,10 € / Kilo)","categories":["Supermercado","Alimentación General","Salsas, ketchup y tomate frito","Mostazas","MAILLE mostaza francesa fina Selección frasco 210 g"],"general_information":["Denominación del alimento: Mostaza","Nombre del operador: Bolton Cile España","Dirección del operador: C\\ Ombú nº 3 28045 Madrid, España","Cantidad Neta: 200 g"],"ingredients":[" MOSTAZA dijon (agua, semilla de MOSTAZA, vinagre, sal, acidulante (ácido cítrico) y conservador (metabisulfito potásico)), aceite de girasol (27%), mostaza a la antigua (agua, semilla de MOSTAZA, vinagre, sal, cáscara de MOSTAZA, acidulante (ácido cítrico), especias (nuez moscada, canela, pimienta negra, APIO y pimienta blanca)), vino blanco (19%), almidón de patata modificado, agua, estabilizante (goma xantana), harina de MOSTAZA, sal, especias (nuez moscada, canela, pimienta negra, cúrcuma, pimienta blanca y APIO), conservador (METABISULFITO potásico)"],"ean":"3250541923185"},{"full_name":"MAILLE mostaza a la miel frasco 230 g","name":"mostaza a la miel frasco 230 g","brand":"MAILLE ","img":"https://sgfm.elcorteingles.es/SGFM/00/67/9/0118015700679/0118015700679000g01011.jpg","price":"2,42 €            ","price_unit":"(9,35 € / Kilo)","categories":["Supermercado","Alimentación General","Salsas, ketchup y tomate frito","Mostazas","MAILLE mostaza a la miel frasco 230 g"],"general_information":["Denominación del alimento: Mostaza","Nombre del operador: Bolton Cile España","Dirección del operador: C/ Ombú nº3 28045 Madrid, España","Cantidad Neta: 230 g"],"ingredients":[" Azúcar, agua, vinagre, semilla de MOSTAZA, miel (8%), sal, especias, colorante (caramelo), acidulante (ácido cítrico), conservador (METABISULFITO potásico)"],"ean":"3036810204014"},{"full_name":"LOUIT mostaza Diafana frasco 115 g","name":"mostaza Diafana frasco 115 g","brand":"LOUIT ","img":"https://sgfm.elcorteingles.es/SGFM/dctm/MEDIA02/CONTENIDOS/201511/10/00118015700208____1__600x600.jpg","price":"1,93 €            ","price_unit":"(8,70 € / Kilo)","categories":["Supermercado","Alimentación General","Salsas, ketchup y tomate frito","Mostazas","LOUIT mostaza Diafana frasco 115 g"],"general_information":["Denominación del alimento: Mostaza","País de origen: España","Nombre del operador: Deoleo S.A.","Dirección del operador: Ctra. N.IV. Km.388-14610 Alcolea (Córdoba)","Cantidad Neta: 115 g"],"ingredients":[" Vinagre de vino (sulfitos), agua, mostaza en grano (22%), especias, aceite refinado de girasol, sal, emulgente: E 471, azucar, colorante: caramelo (sulfitos), esencia de estragon (0.08%). SIN GLUTEN."],"conservation":" Mantener en lugar fresco y seco.","ean":"8410010001904"},{"full_name":"LOUIT mostaza de Dijon frasco 115 g","name":"mostaza de Dijon frasco 115 g","brand":"LOUIT ","img":"https://sgfm.elcorteingles.es/SGFM/dctm/MEDIA02/CONTENIDOS/201511/10/00118015700216____2__600x600.jpg","price":"1,93 €            ","price_unit":"(8,70 € / Kilo)","categories":["Supermercado","Alimentación General","Salsas, ketchup y tomate frito","Mostazas","LOUIT mostaza de Dijon frasco 115 g"],"general_information":["Denominación del alimento: Mostaza","País de origen: España","Nombre del operador: Deoleo S.A.","Dirección del operador: Ctra. N.IV. Km.388-14610 Alcolea (Córdoba)","Cantidad Neta: 115 g"],"ingredients":[" Agua, granos de mostaza (25%), vinagre de alcohol, sal, antioxidante metabisulfito potasico, acidulante acido citrico. SIN GLUTEN."],"conservation":" Mantener en lugar fresco y seco.","ean":"8410010158912"},{"full_name":"LOUIT mostaza a la antigua frasco 115 g","name":"mostaza a la antigua frasco 115 g","brand":"LOUIT ","img":"https://sgfm.elcorteingles.es/SGFM/dctm/MEDIA02/CONTENIDOS/201511/10/00118015700224____2__600x600.jpg","price":"1,93 €            ","price_unit":"(8,70 € / Kilo)","categories":["Supermercado","Alimentación General","Salsas, ketchup y tomate frito","Mostazas","LOUIT mostaza a la antigua frasco 115 g"],"general_information":["Denominación del alimento: Mostaza","País de origen: España","Nombre del operador: Deoleo S.A.","Dirección del operador: Ctra. N.IV. Km.388-14610 Alcolea (Córdoba)","Cantidad Neta: 115 g"],"ingredients":[" Agua, vinagre de alcohol, granos de mostaza (32%), sal, acidulante acido citrico, aromas, antioxidante metabisulfito potasico, especias, SIN GLUTEN."],"conservation":" Mantener en lugar fresco y seco.","ean":"8410010163947"},{"full_name":"PRIMA mostaza original 100% en grano envase 330 g","name":"mostaza original 100% en grano envase 330 g","brand":"PRIMA ","img":"https://sgfm.elcorteingles.es/SGFM/dctm/MEDIA02/CONTENIDOS/201503/13/00118015700729000_1__600x600.jpg","price":"1,30 €            ","price_unit":"(3,70 € / Kilo)","categories":["Supermercado","Alimentación General","Salsas, ketchup y tomate frito","Mostazas","PRIMA mostaza original 100% en grano envase 330 g"],"general_information":["Denominación del alimento: Mostaza americana","Nombre del operador: Bolton Cile España","Dirección del operador: C/ Ombú nº3 28045 Madrid, España","Cantidad Neta: 330 g"],"ingredients":[" Agua, vinagre, grano de MOSTAZA, jarabe de glucosa-fructosa, sal, especia (cúrcuma), aroma natural"],"ean":"8410118041574"},{"full_name":"PRIMA mostaza dulce suave y cremosa envase 330 g","name":"mostaza dulce suave y cremosa envase 330 g","brand":"PRIMA ","img":"https://sgfm.elcorteingles.es/SGFM/dctm/MEDIA02/CONTENIDOS/201503/13/00118015700752000_1__600x600.jpg","price":"1,29 €            ","price_unit":"(3,79 € / Kilo)","categories":["Supermercado","Alimentación General","Salsas, ketchup y tomate frito","Mostazas","PRIMA mostaza dulce suave y cremosa envase 330 g"],"general_information":["Denominación del alimento: Mostaza dulce","Nombre del operador: Bolton Cile España","Dirección del operador: C/ Ombú nº3 28045 Madrid, España","Cantidad Neta: 330 g"],"ingredients":[" Agua, jarabe de glucosa-fructosa, vinagre, grano de MOSTAZA, sal, miel (2%), especia (cúrcuma), aroma natural"],"ean":"8410118041581"},{"full_name":"PRIMA mostaza original 100% en grano 15 bolsitas de 4 g envase 60 g","name":"mostaza original 100% en grano 15 bolsitas de 4 g envase 60 g","brand":"PRIMA ","img":"https://sgfm.elcorteingles.es/SGFM/dctm/MEDIA02/CONTENIDOS/201503/13/00118015700349000_1__600x600.jpg","price":"1,23 €            ","price_unit":"(19 € / Kilo)","categories":["Supermercado","Alimentación General","Salsas, ketchup y tomate frito","Mostazas","PRIMA mostaza original 100% en grano 15 bolsitas de 4 g envase 60 g"],"general_information":["Denominación del alimento: Mostaza","Nombre del operador: Bolton Cile España","Dirección del operador: C/ Ombú nº 3 28045 Madrid, España","Cantidad Neta: 60 g"],"ingredients":[" Agua, vinagre, grano de MOSTAZA, jarabe de glucosa-fructosa, sal, especia (cúrcuma), aroma natural"],"ean":"8410118028803"},{"full_name":"ORLANDO mostaza americana envase 260 g","name":"mostaza americana envase 260 g","brand":"ORLANDO ","img":"https://sgfm.elcorteingles.es/SGFM/dctm/MEDIA03/201703/17/00118015701057____1__600x600.jpg","price":"1,04 €","price_unit":"(4 € / Kilo)","categories":["Supermercado","Alimentación General","Salsas, ketchup y tomate frito","Mostazas","ORLANDO mostaza americana envase 260 g"],"general_information":["Denominación del alimento: Salsa mostaza","Nombre del operador: H.J. Heinz Foods Spin S.L.","Dirección del operador: Ctra. Rincón de Soto-Corella km 2,8. 26540 Alfaro (La Rioja)","Cantidad Neta: 235 Mililitros"],"ingredients":[" Agua, vinagre de alcohol, semillas de mostaza (12%), azúcar, sal, almidón modificado de maíz, especias y plantas aromáticas. Contiene sulfitos y mostaza"],"conservation":" Una vez abierto conservar en el frigorífico. Agitar antes de usar.","ean":"8410066125173"},{"full_name":"HEINZ mostaza inglesa envase 220 ml","name":"mostaza inglesa envase 220 ml","brand":"HEINZ ","img":"https://sgfm.elcorteingles.es/SGFM/dctm/MEDIA03/201711/27/00118015700646____1__600x600.jpg","price":"1,62 €","price_unit":"(7,36 € / Litro)","categories":["Supermercado","Alimentación General","Salsas, ketchup y tomate frito","Mostazas","HEINZ mostaza inglesa envase 220 ml"],"general_information":[],"ingredients":[],"ean":"0000087157451"},{"full_name":"HEINZ mostaza chili envase 240 g","name":"mostaza chili envase 240 g","brand":"HEINZ ","img":"https://sgfm.elcorteingles.es/SGFM/dctm/MEDIA03/201711/06/00118015701206____5__600x600.jpg","price":"1,79 €","price_unit":"(5,97 € / Kilo)","categories":["Supermercado","Alimentación General","Salsas, ketchup y tomate frito","Mostazas","HEINZ mostaza chili envase 240 g"],"general_information":[],"ingredients":[],"ean":"0000050157358"},{"full_name":"HEINZ mostaza a la miel envase 241 g","name":"mostaza a la miel envase 241 g","brand":"HEINZ ","img":"https://sgfm.elcorteingles.es/SGFM/dctm/MEDIA03/201711/06/00118015701214____1__600x600.jpg","price":"1,79 €","price_unit":"(5,97 € / Kilo)","categories":["Supermercado","Alimentación General","Salsas, ketchup y tomate frito","Mostazas","HEINZ mostaza a la miel envase 241 g"],"general_information":[],"ingredients":[],"ean":"0000050157365"},{"full_name":"HELLMANN'S mostaza envase 250 ml","name":"mostaza envase 250 ml","brand":"HELLMANN'S ","img":"https://sgfm.elcorteingles.es/SGFM/dctm/MEDIA03/201610/25/00118015700745____2__600x600.jpg","price":"1,43 €","price_unit":"(5,72 € / Litro)","categories":["Supermercado","Alimentación General","Salsas, ketchup y tomate frito","Mostazas","HELLMANN'S mostaza envase 250 ml"],"general_information":["Denominación del alimento: SALSA CON MOSTAZA","País de origen: España","Nombre del operador: Unilever","Dirección del operador: 900 812 511 UNILEVER ESPAÑA S.A.C/Tecnología 19 - 08840 Viladecans (Barcelona)","Cantidad Neta: 250 Mililitros","Número de raciones por envase: 26"],"ingredients":[" Agua, mostaza (24%) (agua, semillas de MOSTAZA (20%), vinagre de alcohol, sal, aromas,  especias), aceite de soja, vinagre de alcohol, azúcar, almidón modificado de maíz, yema de HUEVO, sal, espesante (goma xantana), aroma, colorantes (curcumina, carotenos)."],"conservation":"Modo de empleo: 1.Desenroscar el tapón.2.Retirar el aluminio de seguridad.","ean":"8712566388677"},{"full_name":"GULDEN'S mostaza americana con dosificador bote 340 g","name":"mostaza americana con dosificador bote 340 g","brand":"GULDEN'S ","img":"https://sgfm.elcorteingles.es/SGFM/00/25/7/0118015700257/0118015700257000g01011.jpg","price":"3,25 €","price_unit":"(9,56 € / Kilo)","categories":["Supermercado","Alimentación General","Salsas, ketchup y tomate frito","Mostazas","GULDEN'S mostaza americana con dosificador bote 340 g"],"general_information":["Denominación del alimento: Mostaza","País de origen: Estados Unidos","Nombre del operador: VELDIS, S.A.","Dirección del operador: Calle Puerto de Navacerrada, 59. 28935 Móstoles (Madrid)","Cantidad Neta: 340 g"],"ingredients":[" Vinagre de alcohol, agua, semilla de mostaza (10%), sal, especias y cúrcuma."],"conservation":" Una vez abierto, conservar en el frigorífico.","ean":"0064144321605"},{"full_name":"FRENCH'S mostaza americana envase 397 g","name":"mostaza americana envase 397 g","brand":"FRENCH'S ","img":"https://sgfm.elcorteingles.es/SGFM/00/63/8/0118015700638/0118015700638000g01011.jpg","price":"3,08 €","price_unit":"(7,76 € / Kilo)","categories":["Supermercado","Alimentación General","Salsas, ketchup y tomate frito","Mostazas","FRENCH'S mostaza americana envase 397 g"],"general_information":["Denominación del alimento: Mostaza americana","País de origen: Estados Unidos","Nombre del operador: Ofistrade S.A.","Dirección del operador: C/Buenos Aires 38-40, entlo. C - 08036 Barcelona","Lugar de procedencia del alimento: USA","Cantidad Neta: 397 g"],"ingredients":[" Vinagre, agua, granos de mostaza, sal, cúrcuma, pimentón, especias, aroma natural y ajo en polvo. Contiene sulfitos."],"conservation":" Consérvese en lugar fresco y seco.","ean":"0041500902456"},{"full_name":"COLMANS mostaza inglesa frasco 100 g","name":"mostaza inglesa frasco 100 g","brand":"COLMANS ","img":"https://sgfm.elcorteingles.es/SGFM/00/33/1/0118015700331/0118015700331000g01011.jpg","price":"2,02 €","price_unit":"(20,20 € / Kilo)","categories":["Supermercado","Alimentación General","Salsas, ketchup y tomate frito","Mostazas","COLMANS mostaza inglesa frasco 100 g"],"general_information":[],"ingredients":[],"ean":"0000050147311"},{"full_name":"BORNIER mostaza de Dijon fuerte frasco 210 g","name":"mostaza de Dijon fuerte frasco 210 g","brand":"BORNIER ","img":"https://sgfm.elcorteingles.es/SGFM/dctm/MEDIA02/CONTENIDOS/201412/10/00118015700059____1__600x600.jpg","price":"3,30 €","price_unit":"(15,71 € / Kilo)","categories":["Supermercado","Alimentación General","Salsas, ketchup y tomate frito","Mostazas","BORNIER mostaza de Dijon fuerte frasco 210 g"],"general_information":[],"ingredients":[],"ean":"3104715000908"},{"full_name":"BORNIER mostaza tradicional a la antigua frasco 210 g","name":"mostaza tradicional a la antigua frasco 210 g","brand":"BORNIER ","img":"https://sgfm.elcorteingles.es/SGFM/dctm/MEDIA02/CONTENIDOS/201412/10/00118015700042____1__600x600.jpg","price":"3,84 €","price_unit":"(18,29 € / Kilo)","categories":["Supermercado","Alimentación General","Salsas, ketchup y tomate frito","Mostazas","BORNIER mostaza tradicional a la antigua frasco 210 g"],"general_information":["Denominación del alimento: Mostaza a la antigua","Nombre del operador: Comercial Masoliver S.A.","Dirección del operador: Calle Puntia, 18 - 17857 Begudà (Girona) España","Lugar de procedencia del alimento: 250 - Francia","Cantidad Neta: 210 g"],"ingredients":[" Agua, vinagre de alcohol, granos de mostaza, tegumentos de granos de mostaza, sal, acidulante: ácido cítrico, aromas, antioxidante: metabi sulfito de potasio, especias (cúrcumo). Contiene mostaza y sulfito."],"conservation":" Conservar en lugar fresco y seco","ean":"3104715002544"},{"full_name":"BORNIER mostaza de dijon frasco 150 g","name":"mostaza de dijon frasco 150 g","brand":"BORNIER ","img":"https://sgfm.elcorteingles.es/SGFM/dctm/MEDIA03/201611/04/00118015700067____1__600x600.jpg","price":"2,35 €","price_unit":"(15,67 € / Kilo)","categories":["Supermercado","Alimentación General","Salsas, ketchup y tomate frito","Mostazas","BORNIER mostaza de dijon frasco 150 g"],"general_information":["Denominación del alimento: Mostaza suave","Nombre del operador: Comercial Masoliver S.A.","Dirección del operador: Calle Puntia, 18 - 17857 Begudà (Girona) España","Lugar de procedencia del alimento: 250 - Francia","Cantidad Neta: 150 g"],"ingredients":[" Agua, vinagre de alcohol, granos de mostaza, sal, acidulante: ácido cítrico, azúcar, especias (cúrcuma), antioxidante: metabi sulfito de potasio, aromas. Contiene mostaza y sulfito."],"conservation":" Conservar en lugar fresco y seco","ean":"3104715019191"},{"full_name":"LÖWENSENF mostaza extra fuerte alemana frasco 100 ml","name":"mostaza extra fuerte alemana frasco 100 ml","brand":"LÖWENSENF ","img":"https://sgfm.elcorteingles.es/SGFM/00/28/1/0118015700281/0118015700281000g01011.jpg","price":"2,29 €","price_unit":"(22,90 € / Litro)","categories":["Supermercado","Alimentación General","Salsas, ketchup y tomate frito","Mostazas","LÖWENSENF mostaza extra fuerte alemana frasco 100 ml"],"general_information":["Denominación del alimento: MOSTAZA PICANTE","País de origen: Alemania","Nombre del operador: Casa Westfalia, S.A.","Dirección del operador: C/ Dels Roures 4, Polígono Industrial V2 - 17111 Vulpellac (Girona)","Cantidad Neta: 110 g","Número de raciones por envase: 10"],"ingredients":[" Semillas de mostaza, vinagre de alcohol, agua, sal."],"conservation":" Mantener en lugar fresco y seco","ean":"4041131002200"},{"full_name":"HANDLMAIER mostaza dulce de Baviera frasco 225 g","name":"mostaza dulce de Baviera frasco 225 g","brand":"HANDLMAIER ","img":"https://sgfm.elcorteingles.es/SGFM/dctm/MEDIA02/CONTENIDOS/201510/20/00118015700810____1__600x600.jpg","price":"3,04 €","price_unit":"(13,51 € / Kilo)","categories":["Supermercado","Alimentación General","Salsas, ketchup y tomate frito","Mostazas","HANDLMAIER mostaza dulce de Baviera frasco 225 g"],"general_information":["Denominación del alimento: Mostaza Dulce de Baviera","País de origen: Alemania","Nombre del operador: Gestión de Productos Carnicos, S.L.","Dirección del operador: C/ Joanot Martorell, 5, 46136 Museros, Valencia 46136 (España).","Cantidad Neta: 200 Mililitros"],"ingredients":[" Agua, azúcar moreno, semillas de mostaza, vinagre de brandy,especias."],"conservation":" conservar a temperatura ambiente","ean":"0000042063049"},{"full_name":"HANDLMAIER mostaza dulce alemana bote 225 ml","name":"mostaza dulce alemana bote 225 ml","brand":"HANDLMAIER ","img":"https://sgfm.elcorteingles.es/SGFM/dctm/MEDIA03/201609/02/00118015700828____1__600x600.jpg","price":"3,15 €","price_unit":"(14 € / Litro)","categories":["Supermercado","Alimentación General","Salsas, ketchup y tomate frito","Mostazas","HANDLMAIER mostaza dulce alemana bote 225 ml"],"general_information":["Denominación del alimento: Mostaza Dulce de Baviera","País de origen: Alemania","Nombre del operador: Gestión de Productos Carnicos, S.L.","Dirección del operador: C/ Joanot Martorell, 5, 46136 Museros, Valencia 46136 (España).","Cantidad Neta: 225 Mililitros"],"ingredients":[" Agua, azúcar moreno, semillas de mostaza, vinagre de brandy, especias."],"conservation":" conservar a temperatura ambiente","ean":"4104720014128"},{"full_name":"HENGSTENBERG mostaza semifuerte alemana envase 200 ml","name":"mostaza semifuerte alemana envase 200 ml","brand":"HENGSTENBERG ","img":"https://sgfm.elcorteingles.es/SGFM/dctm/MEDIA03/201611/17/00200115700601____1__600x600.jpg","price":"2,91 €","price_unit":"(14,55 € / Litro)","categories":["Supermercado","Alimentación General","Salsas, ketchup y tomate frito","Mostazas","HENGSTENBERG mostaza semifuerte alemana envase 200 ml"],"general_information":["Denominación del alimento: Mostaza semi-fuerte","Nombre del operador: Hengstenberg Gmbh & Co. Kg","Dirección del operador: Hengstenberg, D-73726 Esslingen","Cantidad Neta: 200,0 Mililitros"],"ingredients":[" Agua, granos de mostaza, vinagre, sal, azúcar, especias, aromas naturales de hierbas y de especias."],"conservation":" Una vez abierto, conservar en frigorífico.","ean":"0000040081083"},{"full_name":"DEVELEY mostaza dulce de Munich frasco 250 ml","name":"mostaza dulce de Munich frasco 250 ml","brand":"DEVELEY ","img":"https://sgfm.elcorteingles.es/SGFM/00/35/6/0118015700356/0118015700356000g01011.jpg","price":"3,22 €","price_unit":"(12,88 € / Litro)","categories":["Supermercado","Alimentación General","Salsas, ketchup y tomate frito","Mostazas","DEVELEY mostaza dulce de Munich frasco 250 ml"],"general_information":[],"ingredients":[],"ean":"4006824001298"},{"full_name":"COTTAGE DELIGHT salsa de mostaza inglesa picante envase 220 ml","name":"salsa de mostaza inglesa picante envase 220 ml","brand":"COTTAGE DELIGHT ","img":"https://sgfm.elcorteingles.es/SGFM/04/31/4/0200117604314/0200117604314000g01011.jpg","price":"5,34 €","price_unit":"(24,27 € / Litro)","categories":["Supermercado","Alimentación General","Salsas, ketchup y tomate frito","Mostazas","COTTAGE DELIGHT salsa de mostaza inglesa picante envase 220 ml"],"general_information":[],"ingredients":[],"ean":"5017781185098"},{"full_name":"REINE DIJON mostaza de Dijon envase 265 g","name":"mostaza de Dijon envase 265 g","brand":"REINE DIJON ","img":"https://sgfm.elcorteingles.es/SGFM/dctm/MEDIA03/201602/08/00118015700885____1__600x600.jpg","price":"2,73 €","price_unit":"(10,30 € / Kilo)","categories":["Supermercado","Alimentación General","Salsas, ketchup y tomate frito","Mostazas","REINE DIJON mostaza de Dijon envase 265 g"],"general_information":[],"ingredients":[],"ean":"3563490016601"},{"full_name":"TEMERAIRE mostaza de Dijon frasco 200 g","name":"mostaza de Dijon frasco 200 g","brand":"TEMERAIRE ","img":"https://sgfm.elcorteingles.es/SGFM/dctm/MEDIA03/201611/04/00118015700976____1__600x600.jpg","price":"2,15 €            ","price_unit":"(9,75 € / Kilo)","categories":["Supermercado","Alimentación General","Salsas, ketchup y tomate frito","Mostazas","TEMERAIRE mostaza de Dijon frasco 200 g"],"general_information":["Denominación del alimento: Mostaza.","Nombre del operador: VELDIS, S.A.","Dirección del operador: C/Puerto de Navacerrada, 59, 28935 Móstoles (Madrid).","Cantidad Neta: 200 g"],"ingredients":[" Agua, semillas de mostaza, vinagre de alcohol, sal, antioxidante: metabisulfito potásico, acidulante: ácido cítrico."],"conservation":" Después de abrir, conservar en el frigorífico.","ean":"3104710019684"},{"full_name":"TEMERAIRE mostaza a la antigua frasco 200 g","name":"mostaza a la antigua frasco 200 g","brand":"TEMERAIRE ","img":"https://sgfm.elcorteingles.es/SGFM/dctm/MEDIA03/201611/04/00118015700984____1__600x600.jpg","price":"1,95 €            ","price_unit":"(9,25 € / Kilo)","categories":["Supermercado","Alimentación General","Salsas, ketchup y tomate frito","Mostazas","TEMERAIRE mostaza a la antigua frasco 200 g"],"general_information":["Denominación del alimento: Mostaza.","Nombre del operador: VELDIS, S.A.","Dirección del operador: Calle Puerto de Navacerrada, 59. 28935 Móstoles (Madrid)","Cantidad Neta: 200 g"],"ingredients":[" Agua, vinagre de alcohol, semillas de mostaza, tegumentos de semillas de mostaza, sal, acidulante: ácido cítrico, aromas, antioxidante: metabisulfito potásico, especias (cúrcuma)."],"conservation":" Después de abrir, conservar en el frigorífico.","ean":"3104710019677"},{"full_name":"DEVELEY mostaza alemana suave frasco 250 g","name":"mostaza alemana suave frasco 250 g","brand":"DEVELEY ","img":"https://sgfm.elcorteingles.es/SGFM/dctm/MEDIA03/201701/20/00118015700968____1__600x600.jpg","price":"2,87 €","categories":["Supermercado","Alimentación General","Salsas, ketchup y tomate frito","Mostazas","DEVELEY mostaza alemana suave frasco 250 g"],"general_information":["Denominación del alimento: MOSTAZA ALEMANA","País de origen: Alemania","Nombre del operador: Casa Westfalia, S.A.","Dirección del operador: C/ Dels Roures 4, Polígono Industrial V2 - 17111 Vulpellac (Girona)","Cantidad Neta: 294 g"],"ingredients":[" Agua, semillas de mostaza, vinagre de brandy, sal, azúcar, especias, jarabe de azúcar caramelizado, extractos de especias."],"conservation":" Mantener en lugar fresco y seco. Una vez abierto, conservar refrigerado.","ean":"4006824000901"},{"full_name":"KUHNE mostaza semifuerte jarra 250 g neto escurrido","name":"mostaza semifuerte jarra 250 g neto escurrido","brand":"KUHNE ","img":"https://sgfm.elcorteingles.es/SGFM/dctm/MEDIA03/201707/17/00200115701195____1__600x600.jpg","price":"2,59 €","price_unit":"(10,36 € / Kilo)","categories":["Supermercado","Alimentación General","Salsas, ketchup y tomate frito","Mostazas","KUHNE mostaza semifuerte jarra 250 g neto escurrido"],"general_information":[],"ingredients":[],"ean":"0039045207914"},{"full_name":"KUHNE mostaza semifuerte tubo 105 g","name":"mostaza semifuerte tubo 105 g","brand":"KUHNE ","img":"https://sgfm.elcorteingles.es/SGFM/dctm/MEDIA03/201707/17/00200115701187____1__600x600.jpg","price":"1,38 €","price_unit":"(13,14 € / Kilo)","categories":["Supermercado","Alimentación General","Salsas, ketchup y tomate frito","Mostazas","KUHNE mostaza semifuerte tubo 105 g"],"general_information":[],"ingredients":[],"ean":"0000040122243"},{"full_name":"MAZZETTI mostaza con vinagre balsámico envase 250 g","name":"mostaza con vinagre balsámico envase 250 g","brand":"MAZZETTI ","img":"https://sgfm.elcorteingles.es/SGFM/dctm/MEDIA03/201705/17/00200115701062____1__600x600.jpg","price":"4,86 €","price_unit":"(19,44 € / Kilo)","categories":["Supermercado","Alimentación General","Salsas, ketchup y tomate frito","Mostazas","MAZZETTI mostaza con vinagre balsámico envase 250 g"],"general_information":["Denominación del alimento: Vinagre black mustard","Nombre del operador: Comercial Masoliver S.A.","Dirección del operador: Calle Puntia, 18 - 17857 Begudà (Girona) España","Lugar de procedencia del alimento: 380 - Italia","Cantidad Neta: 250 Mililitros","Porcentaje de alcohol: 1.5%"],"ingredients":[" Vinagre Balsámico de Módena 68% (vinagre de vino, mosto de uva, de color caramelo), mostaza 30% (agua, semillas de mostaza 20%, vinagre de alcohol, sal, especias, extracto de especias), almidón modificado."],"conservation":" Almacene en un lugar fresco y seco                                                Una vez abierto mantener en el refrigerador 0-5ºC","ean":"8006050121285"},{"full_name":"EDMOND FALLOT mostaza de Dijon frasco 205 g","name":"mostaza de Dijon frasco 205 g","brand":"EDMOND FALLOT ","img":"https://sgfm.elcorteingles.es/SGFM/dctm/MEDIA03/201706/07/00200115701211____1__600x600.jpg","price":"2,59 €","price_unit":"(12,63 € / Kilo)","categories":["Supermercado","Alimentación General","Salsas, ketchup y tomate frito","Mostazas","EDMOND FALLOT mostaza de Dijon frasco 205 g"],"general_information":["Denominación del alimento: Mostaza","Nombre del operador: Torres Import, S.A.U","Dirección del operador: c/ Comercio, 22 - 08720 Vilafranca del Penedés España","Cantidad Neta: 210 g"],"ingredients":[" Agua, semillas de mostaza, vino blanco (con sulfitos), vinagre de alcohol, crema de grosella negra de Dijon (grosella negra, azúcar, alcohol) 5.4%, sal, aromas naturales de grosella, cáscaras de semilla de mostaza, colorante: extracto de carmín, azúcar."],"conservation":" Después de su apertura conservar en el frigorífico: 6 meses","ean":"3230140003815"},{"full_name":"EDMOND FALLOT mostaza de Dijon Yuzu frasco 105 g","name":"mostaza de Dijon Yuzu frasco 105 g","brand":"EDMOND FALLOT ","img":"https://sgfm.elcorteingles.es/SGFM/dctm/MEDIA03/201706/07/00200115701203____1__600x600.jpg","price":"2,75 €","price_unit":"(26,19 € / Kilo)","categories":["Supermercado","Alimentación General","Salsas, ketchup y tomate frito","Mostazas","EDMOND FALLOT mostaza de Dijon Yuzu frasco 105 g"],"general_information":["Denominación del alimento: Mostaza","Nombre del operador: Torres Import, S.A.U","Dirección del operador: C/ Comerç, 22 - 08720 Vilafranca del Penedès","Cantidad Neta: 105 g"],"ingredients":[" Agua, semillas de mostaza, vinagre, sal, jugo de Yuzu, antioxidantes: metabisulfito de potasio, ácido: ácido cítrico, especias."],"ean":"3230140010325"},{"full_name":"EL CORTE INGLES mayonesa frasco 450 ml","name":"mayonesa frasco 450 ml","brand":"EL CORTE INGLES ","img":"https://sgfm.elcorteingles.es/SGFM/dctm/MEDIA03/201612/27/00118014300174____3__600x600.jpg","price":"1,52 €","price_unit":"(3,38 € / Litro)","categories":["Supermercado","Alimentación General","Salsas, ketchup y tomate frito","Mayonesa y salsa ligera","EL CORTE INGLES mayonesa frasco 450 ml"],"general_information":["Denominación del alimento: MAYONESA","Nombre del operador: Distribuido para El Corte Inglés por PACKALIA\nCtra. Isla Menor, km 1.8. \n41703 Dos Hermanas (Sevilla)\nEspaña","Número de raciones por envase: 30"],"ingredients":[" Ingredientes:Aceite de girasol 70%, agua, yema de huevo 6%, vinagre de vino, azúcar, sal, zumo de limón concentrado, conservador: sorbato potásico, estabilizante: goma xantana, concentrado de zanahoria y calabaza, aromas. Puede contener mostaza y proteínas lácteas"],"conservation":" Una vez abierto, conservar en el frigorífico.","ean":"8433329015851"},{"full_name":"EL CORTE INGLES salsa ligera frasco 450 ml","name":"salsa ligera frasco 450 ml","brand":"EL CORTE INGLES ","img":"https://sgfm.elcorteingles.es/SGFM/dctm/MEDIA03/201612/27/00118014300216____1__600x600.jpg","price":"1,71 €","price_unit":"(3,80 € / Litro)","categories":["Supermercado","Alimentación General","Salsas, ketchup y tomate frito","Mayonesa y salsa ligera","EL CORTE INGLES salsa ligera frasco 450 ml"],"general_information":["Denominación del alimento: Salsa ligera. Contenido reducido en  grasa y en calorías frente a una mayonesa tradicional.","Nombre del operador: Distribuido para El Corte Inglés por PACKALIA\nCtra. Isla Menor, km 1.8. \n41703 Dos Hermanas (Sevilla)\nEspaña","Número de raciones por envase: 30"],"ingredients":[" Ingredientes: Agua, aceite de girasol (34%), azúcar, almidón modificado de maíz, huevo y yema de huevo, vinagre de vino,  sal, zumo de limón concentrado, estabilizantes: goma de garrofín y pectinas, conservador: sorbato potásico, especias, colorante: carotenos y antioxidante: edta. Puede contener mostaza y proteínas lácteas"],"conservation":" Una vez abierto, conservar en el frigorífico.","ean":"8433329015875"},{"full_name":"ALIADA mayonesa clásica frasco 450 ml","name":"mayonesa clásica frasco 450 ml","brand":"ALIADA ","img":"https://sgfm.elcorteingles.es/SGFM/00/67/9/0118014300679/0118014300679000g01011.jpg","price":"0,87 €","price_unit":"(1,93 € / Litro)","categories":["Supermercado","Alimentación General","Salsas, ketchup y tomate frito","Mayonesa y salsa ligera","ALIADA mayonesa clásica frasco 450 ml"],"general_information":["Denominación del alimento: Mayonesa","Nombre del operador: El Corte Inglés  S.A","Dirección del operador: C/Hermosilla, 112 -28009 Madrid (Madrid)","Cantidad Neta: 450 Mililitros"],"ingredients":[" aceite de girasol, agua, huevo y yema de huevo, vinagre, azúcar, sal, estabilizadores: goma guar y goma xantana, zumo de limón, acidulante: ácido cítrico, conservador: sorbato potásico, antioxidante: EDTA, colorante: betacaroteno y aromas."],"conservation":" Conservar en lugar fresco y seco al abrigo de la luz. Una vez abierto conservar en el frigorífico.","ean":"8433329015653"},{"full_name":"ALIADA mayonesa suave envase 300 ml","name":"mayonesa suave envase 300 ml","brand":"ALIADA ","img":"https://sgfm.elcorteingles.es/SGFM/00/82/8/0118014300828/0118014300828000g01011.jpg","price":"0,79 €","price_unit":"(2,63 € / Litro)","categories":["Supermercado","Alimentación General","Salsas, ketchup y tomate frito","Mayonesa y salsa ligera","ALIADA mayonesa suave envase 300 ml"],"general_information":["Denominación del alimento: Mayonesa","Nombre del operador: Elaborado para el\nGrupo El Corte Inglés\nHermosilla, 112   28009 Madrid - España\npor NIF: A-80245129","Número de raciones por envase: 23"],"ingredients":[" Ingredientes: aceite de girasol, agua, huevo y yema de huevo, vinagre, azúcar,  estabilizadores: goma guar y goma xantana, sal,  acidulante: acido cítrico, conservador: sorbato potásico, zumo de limón, antioxidante: EDTA,  colorante: betacaroteno y aromas"],"conservation":" Conservar en lugar seco y fresco al abrigo de la luz. Una vez abierto conservar en el frigorífico.","ean":"8433329005548"},{"full_name":"ALIADA salsa ligera envase 300 ml","name":"salsa ligera envase 300 ml","brand":"ALIADA ","img":"https://sgfm.elcorteingles.es/SGFM/00/81/0/0118014300810/0118014300810000g01011.jpg","price":"0,67 €","price_unit":"(2,23 € / Litro)","categories":["Supermercado","Alimentación General","Salsas, ketchup y tomate frito","Mayonesa y salsa ligera","ALIADA salsa ligera envase 300 ml"],"general_information":["Denominación del alimento: Salsa ligera. Contenido reducido en  grasa y en calorías frente a una mayonesa tradicional.","Nombre del operador: Elaborado para el\nGrupo El Corte Inglés\nHermosilla, 112   28009 Madrid - España\npor NIF: A-80245129","Número de raciones por envase: 26"],"ingredients":[" Ingredientes: agua, vinagre, jarabe de glucosa y fructosa, almidón modificado de maíz, aceite de girasol, huevo y yema de huevo, sal, azúcar, estabilizadores: celulosa microcristalina, carboximetilcelulosa y goma xantana, zumo de limón, acidulante: ácido cítrico, conservador: benzoato sódico, colorante: betacaroteno y E171, antioxidante: EDTA, aromas y especias (contiene mostaza) Puede contener  mostaza."],"conservation":" Conservar en lugar seco y fresco al abrigo de la luz. Una vez abierto conservar en el frigorífico.","ean":"8433329005555"},{"full_name":"ALIADA salsa ligera frasco 450 ml","name":"salsa ligera frasco 450 ml","brand":"ALIADA ","img":"https://sgfm.elcorteingles.es/SGFM/00/80/2/0118014300802/0118014300802000g01011.jpg","price":"0,80 €","price_unit":"(1,78 € / Litro)","categories":["Supermercado","Alimentación General","Salsas, ketchup y tomate frito","Mayonesa y salsa ligera","ALIADA salsa ligera frasco 450 ml"],"general_information":["Denominación del alimento: Salsa ligera. Contenido reducido en  grasa y en calorías frente a una mayonesa tradicional.","Nombre del operador: Elaborado para el\nGrupo El Corte Inglés\nHermosilla, 112   28009 Madrid - España\npor NIF: A-80245129","Número de raciones por envase: 40"],"ingredients":[" Ingredientes: agua, vinagre, jarabe de glucosa y fructosa, almidón modificado de maíz, aceite de girasol, huevo y yema de huevo, sal, azúcar, estabilizadores: celulosa microcristalina, carboximetilcelulosa y goma xantana, zumo de limón, acidulante: ácido cítrico, conservador: benzoato sódico, colorante: betacaroteno y E171, antioxidante: EDTA, aromas y especias (contiene mostaza)"],"conservation":" Conservar en lugar seco y fresco al abrigo de la luz. Una vez abierto conservar en el frigorífico.","ean":"8433329005562"},{"full_name":"HELLMANN'S mayonesa pack 2 frasco 208 ml","name":"mayonesa pack 2 frasco 208 ml","brand":"HELLMANN'S ","img":"https://sgfm.elcorteingles.es/SGFM/dctm/MEDIA03/201606/28/00200114301260____1__600x600.jpg","price":"2,12 €","categories":["Supermercado","Alimentación General","Salsas, ketchup y tomate frito","Mayonesa y salsa ligera","HELLMANN'S mayonesa pack 2 frasco 208 ml"],"general_information":["Denominación del alimento: Mayonesa","Nombre del operador: Unilever España S.A.","Dirección del operador: C/Tecnología 19, 08840 Viladecans (Barcelona)","Cantidad Neta: 2496 Kilogramos"],"ingredients":[" Aceite de soja (64%), agua, yema de huevo, vinagre de vino blanco, azúcar, sal, almidón modificado de maíz, aroma, zumo de limón concentrado, antioxidante (E385), colorantes (extracto de pimentón, carotenos)."],"conservation":" Cerrar bien después de su uso y mantenerla en la nevera.","ean":"8714100266526"},{"full_name":"HELLMANN'S mayonesa frasco 450 ml","name":"mayonesa frasco 450 ml","brand":"HELLMANN'S ","img":"https://sgfm.elcorteingles.es/SGFM/dctm/MEDIA03/201706/20/00118014300117____11__600x600.jpg","price":"1,95 €","price_unit":"(4,33 € / Litro)","categories":["Supermercado","Alimentación General","Salsas, ketchup y tomate frito","Mayonesa y salsa ligera","HELLMANN'S mayonesa frasco 450 ml"],"general_information":["Denominación del alimento: Mayonesa","País de origen: España","Nombre del operador: Unilever","Dirección del operador: Atención al Consumidor\n900 812 511\n\nUnilever España S.A.\nC/ Tecnología, 19\n08840 Viladecans (Barcelona)","Cantidad Neta: 500 Mililitros","Número de raciones por envase: 31"],"ingredients":[" Ingredientes: Aceite de soja (64%), agua, yema de HUEVO, vinagre de vino blanco, azúcar, sal, almidón modificado de maíz, aroma, zumo de limón concentrado, antioxidante (E385), colorantes (extracto de pimentón, carotenos)."],"conservation":"Modo de empleo: es: RECOMENDACIONES DE USO\nCerrar bien después de su uso y mantenerla","ean":"8410127110452"},{"full_name":"HELLMANN'S mayonesa frasco 825 ml","name":"mayonesa frasco 825 ml","brand":"HELLMANN'S ","img":"https://sgfm.elcorteingles.es/SGFM/dctm/MEDIA03/201706/20/00118014300976____8__600x600.jpg","price":"3,13 €            ","price_unit":"(3,65 € / Litro)","categories":["Supermercado","Alimentación General","Salsas, ketchup y tomate frito","Mayonesa y salsa ligera","HELLMANN'S mayonesa frasco 825 ml"],"general_information":["Denominación del alimento: Mayonesa","País de origen: España","Nombre del operador: Unilever","Dirección del operador: Atención al Consumidor\n900 812 511\n\nUnilever España S.A.\nC/ Tecnología, 19\n08840 Viladecans (Barcelona)","Cantidad Neta: 825 Mililitros","Número de raciones por envase: 51"],"ingredients":[" Ingredientes: Aceite de soja (64%), agua, yema de HUEVO, vinagre de vino blanco, azúcar, sal, almidón modificado de maíz, aroma, zumo de limón concentrado, antioxidante (E385), colorantes (extracto de pimentón, carotenos)."],"conservation":" --","ean":"8722700477983"},{"full_name":"HELLMANN'S mayonesa frasco 225 ml","name":"mayonesa frasco 225 ml","brand":"HELLMANN'S ","img":"https://sgfm.elcorteingles.es/SGFM/dctm/MEDIA03/201706/20/00118014300380____8__600x600.jpg","price":"1,10 €","price_unit":"(4,89 € / Litro)","categories":["Supermercado","Alimentación General","Salsas, ketchup y tomate frito","Mayonesa y salsa ligera","HELLMANN'S mayonesa frasco 225 ml"],"general_information":["Denominación del alimento: Mayonesa","Nombre del operador: Unilever España S.A.","Dirección del operador: C/Tecnología 19, 08840 Viladecans (Barcelona)","Cantidad Neta: 208 g"],"ingredients":[" Aceite de soja (64%), agua, yema de huevo, vinagre de vino blanco, azúcar, sal, almidón modificado de maíz, aroma, zumo de limón concentrado, antioxidante (E385), colorantes (extracto de pimentón, carotenos)."],"conservation":"Modo de empleo: Cerrar bien después de su uso y mantenerla en la nevera. Utilizar siempre cubiertos limpios para servirla.  Nunca debe congelarse.","ean":"8410127050482"},{"full_name":"HELLMANN'S mayonesa light frasco 430 ml","name":"mayonesa light frasco 430 ml","brand":"HELLMANN'S ","img":"https://sgfm.elcorteingles.es/SGFM/dctm/MEDIA03/201706/20/00118014301180____8__600x600.jpg","price":"1,83 €","price_unit":"(4,58 € / Kilo)","categories":["Supermercado","Alimentación General","Salsas, ketchup y tomate frito","Mayonesa y salsa ligera","HELLMANN'S mayonesa light frasco 430 ml"],"general_information":["Denominación del alimento: Salsa","Nombre del operador: Unilever España S.A.","Dirección del operador: C/Tecnología 19, 08840 Viladecans (Barcelona)","Cantidad Neta: 430 Mililitros"],"ingredients":[" Agua, aceite de nabina (25%), vinagre de alcohol, almidón modificado de maíz, azúcar, sal, yema de huevo de gallinas camperas (1,5%), nata en polvo, fibra cítrica, espesantes (goma guar, goma xantana), harina de mostaza, zumo de limón concentrado, antioxidante (E385), aroma natural,  extracto de pimentón."],"conservation":" Una vez abierto, consérvese en el frigorífico.","ean":"8714100538661"},{"full_name":"HELLMANN'S mayonesa bocabajo envase 430 ml","name":"mayonesa bocabajo envase 430 ml","brand":"HELLMANN'S ","img":"https://sgfm.elcorteingles.es/SGFM/dctm/MEDIA03/201706/23/00118014300570____8__600x600.jpg","price":"2,08 €            ","price_unit":"(4,70 € / Litro)","categories":["Supermercado","Alimentación General","Salsas, ketchup y tomate frito","Mayonesa y salsa ligera","HELLMANN'S mayonesa bocabajo envase 430 ml"],"general_information":["Denominación del alimento: Mayonesa","País de origen: España","Nombre del operador: Unilever","Dirección del operador: Unilever España, S.A.\nC/ Tecnología 19,\n08840 Viladecans (Barcelona)\n\nAtención al Consumidor\n900 812 511","Cantidad Neta: 430 Mililitros","Número de raciones por envase: 27"],"ingredients":[" Ingredientes: Aceite de soja (64%), agua, yema de HUEVO, vinagre de vino blanco, azúcar, sal, almidón modificado de maíz, aroma, zumo de limón concentrado, antioxidante (E385), colorantes (extracto de pimentón, carotenos)."],"conservation":"Modo de empleo: 1. Desenroscar el tapón\n2. Retirar el aluminio de seguridad\n","ean":"8722700136231"},{"full_name":"HELLMANN'S mayonesa bocabajo envase 250 ml","name":"mayonesa bocabajo envase 250 ml","brand":"HELLMANN'S ","img":"https://sgfm.elcorteingles.es/SGFM/dctm/MEDIA03/201706/20/00118014301149____3__600x600.jpg","price":"1,36 €","price_unit":"(5,44 € / Litro)","categories":["Supermercado","Alimentación General","Salsas, ketchup y tomate frito","Mayonesa y salsa ligera","HELLMANN'S mayonesa bocabajo envase 250 ml"],"general_information":["Denominación del alimento: Mayonesa","País de origen: España","Nombre del operador: Unilever","Dirección del operador: Atención al Consumidor900 812 511Unilever Espana S.AC/ Tecnología, 1908840 Viladecans (Barcelona)\"","Cantidad Neta: 250 Mililitros","Número de raciones por envase: 16"],"ingredients":[" Aceite de soja (64%), agua, yema de HUEVO, vinagre de vino blanco, azúcar, sal, almidón modificado de maíz, aroma, zumo de limón concentrado, antioxidante (E385), colorantes (extracto de pimentón, carotenos)."],"conservation":"Modo de empleo: \"es: 1. Desenroscar el tapón2. Retirar el aluminio \"","ean":"8712100730115"},{"full_name":"HELLMANN'S mayonesa ecológica frasco 190 ml","name":"mayonesa ecológica frasco 190 ml","brand":"HELLMANN'S ","img":"https://sgfm.elcorteingles.es/SGFM/dctm/MEDIA03/201706/20/00118014301305____3__600x600.jpg","price":"2,57 €","price_unit":"(14,28 € / Kilo)","categories":["Supermercado","Alimentación General","Salsas, ketchup y tomate frito","Mayonesa y salsa ligera","HELLMANN'S mayonesa ecológica frasco 190 ml"],"general_information":["Denominación del alimento: Mayonesa","Nombre del operador: Unilever España S.A.","Dirección del operador: C/Tecnología 19, 08840 Viladecans (Barcelona)","Cantidad Neta: 190 Mililitros"],"ingredients":[" Aceite de soja* (78%), yema de huevo* (7.4%), agua, vinagre de alcohol*, azúcar de caña*, sal, vinagre balsámico* (vinagre de vino*, mosto de uva*), aumo de limón concentrado*, aroma natural (contiene mostaza). *precedente de agricultura ecológica"],"conservation":" Una vez abierto, consérvese en el frigorífico","ean":"8710908924224"},{"full_name":"LIGERESA salsa fina frasco 225 ml","name":"salsa fina frasco 225 ml","brand":"LIGERESA ","img":"https://sgfm.elcorteingles.es/SGFM/00/07/5/0118014300075/0118014300075000g01011.jpg","price":"1,26 €            ","price_unit":"(5,38 € / Litro)","categories":["Supermercado","Alimentación General","Salsas, ketchup y tomate frito","Mayonesa y salsa ligera","LIGERESA salsa fina frasco 225 ml"],"general_information":["Denominación del alimento: Salsa","País de origen: España","Nombre del operador: Unilever","Dirección del operador: Unilever Espana S.A. C/ Tecnología 1908840 Viladecans (Barcelona) Atención al consumidor 900 812 511 www.clubligeresa.es","Cantidad Neta: 225 Mililitros","Número de raciones por envase: 15"],"ingredients":[" Agua, aceite de soja (25%), vinagre de vino, almidón de TRIGO, yema de HUEVO, azúcar, jarabe de glucosa, sal, almidón modificado de maíz, espesantes (goma de garrofín y goma guar), conservante (ácido sórbico), colorante (beta-caroteno), aroma."],"ean":"0000084138026"},{"full_name":"LIGERESA salsa fina bocabajo envase 430 ml","name":"salsa fina bocabajo envase 430 ml","brand":"LIGERESA ","img":"https://sgfm.elcorteingles.es/SGFM/00/42/2/0118014300422/0118014300422000g01011.jpg","price":"1,42 €","price_unit":"(3,30 € / Litro)","categories":["Supermercado","Alimentación General","Salsas, ketchup y tomate frito","Mayonesa y salsa ligera","LIGERESA salsa fina bocabajo envase 430 ml"],"general_information":["Denominación del alimento: Salsa","Nombre del operador: Unilever España S.A.","Dirección del operador: C/Tecnología 19, 08840 Viladecans (Barcelona)","Cantidad Neta: 439 g"],"ingredients":[" Agua, aceite de soja (25%), vinagre de vino, almidón de trigo, yema de huevo, azúcar, sal, jarabe de glucosa, almidón modificado de maíz, espesantes (goma garrofín y goma guar), conservador (ácido sórbico), colorante (carotenos), aroma."],"conservation":" Una vez abierto, consérvese en frigorífico.","ean":"8722700136224"},{"full_name":"LIGERESA salsa ligera envase 225 ml","name":"salsa ligera envase 225 ml","brand":"LIGERESA ","img":"https://sgfm.elcorteingles.es/SGFM/00/89/3/0118014300893/0118014300893000g01011.jpg","price":"1,30 €            ","price_unit":"(5,56 € / Litro)","categories":["Supermercado","Alimentación General","Salsas, ketchup y tomate frito","Mayonesa y salsa ligera","LIGERESA salsa ligera envase 225 ml"],"general_information":["Denominación del alimento: Salsa","País de origen: España","Nombre del operador: Unilever","Dirección del operador: Atención al consumidor:900 812 511 - UNILEVER ESPANA S.A.c/Tecnología 19 - 08840 Viladecans(Barcelona)\"","Cantidad Neta: 225 Mililitros","Número de raciones por envase: 15"],"ingredients":[" Ingredientes: Agua, aceite de soja (25%), vinagre de vino, almidón de TRIGO, yema de HUEVO, azúcar, jarabe de glucosa, sal, almidón modificado de maíz, espesantes (goma de garrofín y goma guar), conservador (ácido sórbico), colorante (beta-caroteno), aroma."],"ean":"8712100375156"},{"full_name":"LIGERESA salsa fina pack 2 frasco 230 ml","name":"salsa fina pack 2 frasco 230 ml","brand":"LIGERESA ","img":"https://sgfm.elcorteingles.es/SGFM/dctm/MEDIA03/201606/28/00118014301289____1__600x600.jpg","price":"2,40 €            ","categories":["Supermercado","Alimentación General","Salsas, ketchup y tomate frito","Mayonesa y salsa ligera","LIGERESA salsa fina pack 2 frasco 230 ml"],"general_information":["Denominación del alimento: Salsa","Nombre del operador: Unilever España S.A.","Dirección del operador: C/Tecnología 19, 08840 Viladecans (Barcelona)","Cantidad Neta: 2760 Kilogramos"],"ingredients":[" Agua, aceite de soja (25%), vinagre de vino, almidón de trigo, yema de huevo, azúcar, sal, jarabe de glucosa deshidratado, almidón modificado de maíz, espesantes (goma garrofín y goma guar), conservador (ácido sórbico), colorante (carotenos), aroma."],"conservation":" Una vez abierto, consérvese en el frigorífico.","ean":"8710908924019"},{"full_name":"LIGERESA salsa fina frasco 450 ml","name":"salsa fina frasco 450 ml","brand":"LIGERESA ","img":"https://sgfm.elcorteingles.es/SGFM/dctm/MEDIA03/201611/17/00118014300083____2__600x600.jpg","price":"1,90 €            ","price_unit":"(4,02 € / Litro)","categories":["Supermercado","Alimentación General","Salsas, ketchup y tomate frito","Mayonesa y salsa ligera","LIGERESA salsa fina frasco 450 ml"],"general_information":["Denominación del alimento: Salsa","País de origen: España","Nombre del operador: Unilever","Dirección del operador: UNILEVER ESPANA S.A.C/Tecnología 1908840 Viladecans(Barcelona)<Icono teléfono> Atención al consumidor:900 812 511www.clubligeresa.es\"","Cantidad Neta: 500 Mililitros","Número de raciones por envase: 34"],"ingredients":[" Ingredientes: Agua, aceite de soja (25%), vinagre de vino, almidón de TRIGO, yema de HUEVO, azúcar, sal, jarabe de glucosa deshidratado,  almidón modificado de maíz, espesantes (goma garrofín y goma guar), conservador (ácido sórbico), colorante (carotenos), aroma."],"conservation":"Modo de empleo: No especificado","ean":"8413800071200"},{"full_name":"YBARRA mayonesa frasco 750 ml","name":"mayonesa frasco 750 ml","brand":"YBARRA ","img":"https://sgfm.elcorteingles.es/SGFM/dctm/MEDIA03/201606/22/00118014300448____1__600x600.jpg","price":"2,44 €            ","price_unit":"(3,11 € / Kilo)","categories":["Supermercado","Alimentación General","Salsas, ketchup y tomate frito","Mayonesa y salsa ligera","YBARRA mayonesa frasco 750 ml"],"general_information":["Denominación del alimento: Mayonesa","Nombre del operador: Empresa Alimentación YBARRA","Dirección del operador: Carretera Isla Menor, km. 1,8. 41703 Dos Hermanas (Sevilla)","Cantidad Neta: 750 Mililitros"],"ingredients":[" Aceite de girasol (70%), agua, yema de huevo, vinagre de vino, azúcar, sal, zumo de limón concentrado, especias, estabilizante (goma xantana)."],"conservation":" Conservar en lugar fresco y seco. No congelar. Una vez abierto, conservar bien cerrado en el frigorífico.","ean":"8410086315042"},{"full_name":"YBARRA mayonesa Bocabajo envase 400 ml","name":"mayonesa Bocabajo envase 400 ml","brand":"YBARRA ","img":"https://sgfm.elcorteingles.es/SGFM/dctm/MEDIA03/201606/22/00118014300604____1__600x600.jpg","price":"1,49 €","price_unit":"(3,72 € / Litro)","categories":["Supermercado","Alimentación General","Salsas, ketchup y tomate frito","Mayonesa y salsa ligera","YBARRA mayonesa Bocabajo envase 400 ml"],"general_information":["Denominación del alimento: Mayonesa","Nombre del operador: Empresa Alimentación YBARRA","Dirección del operador: Carretera Isla Menor, km. 1,8. 41703 Dos Hermanas","Cantidad Neta: 400 Mililitros"],"ingredients":[" Aceite de girasol (65%),agua, yema de huevo, vinagre de vino, azúcar, sal, zumo de limón concentrado, estabilizante (goma xantana), conservador (sorbato potásico), aromas, colorante (carotenos), antioxidante (EDTA)."],"conservation":" Conservar en lugar fresco y seco. No congelar. Una vez abierto, conservar bien cerrado en el frigorífico.","ean":"8410086311488"},{"full_name":"YBARRA mayonesa clásica frasco 225 ml","name":"mayonesa clásica frasco 225 ml","brand":"YBARRA ","img":"https://sgfm.elcorteingles.es/SGFM/dctm/MEDIA03/201606/22/00118014300208____1__600x600.jpg","price":"1,03 €","price_unit":"(4,58 € / Litro)","categories":["Supermercado","Alimentación General","Salsas, ketchup y tomate frito","Mayonesa y salsa ligera","YBARRA mayonesa clásica frasco 225 ml"],"general_information":["Denominación del alimento: Mayonesa","Nombre del operador: Empresa Alimentación YBARRA","Dirección del operador: Carretera isla menor, km, 18, 41703 Dos Hermanas","Cantidad Neta: 225 Mililitros"],"ingredients":[" Aceite de girasol (70%), agua, huevo y yema de huevo, vinagre de vino, azúcar, sal, zumo de limón, especias, estabilizante: goma xantana. Contiene huevo."],"conservation":" Conservar en lugar fresco y seco. No congelar. Una vez abierto conservar, bien cerrado en el frigorífico.","ean":"8410086315028"},{"full_name":"YBARRA mayonesa frasco 450 ml","name":"mayonesa frasco 450 ml","brand":"YBARRA ","img":"https://sgfm.elcorteingles.es/SGFM/dctm/MEDIA03/201705/24/00118014300059____2__600x600.jpg","price":"1,56 €","price_unit":"(3,47 € / Litro)","categories":["Supermercado","Alimentación General","Salsas, ketchup y tomate frito","Mayonesa y salsa ligera","YBARRA mayonesa frasco 450 ml"],"general_information":[],"ingredients":[],"ean":"8410086111811"},{"full_name":"YBARRA mayonesa suave casera frasco 450 ml","name":"mayonesa suave casera frasco 450 ml","brand":"YBARRA ","img":"https://sgfm.elcorteingles.es/SGFM/dctm/MEDIA02/CONTENIDOS/201412/10/00118014300992____2__600x600.jpg","price":"1,29 €            ","price_unit":"(2,78 € / Litro)","categories":["Supermercado","Alimentación General","Salsas, ketchup y tomate frito","Mayonesa y salsa ligera","YBARRA mayonesa suave casera frasco 450 ml"],"general_information":["Denominación del alimento: Salsa de Mesa","Nombre del operador: Empresa Alimentación YBARRA","Dirección del operador: Carretera isla menor, km, 18, 41703 Dos Hermanas","Cantidad Neta: 450 Mililitros"],"ingredients":[" Agua, aceite de girasol (40%), yema de huevo, vinagre de vino, azúcar, almidón modificado de maiz, sal, zumo de limón, estabilizantes (goma de garrofín y pectinas), conservador (sorbato potásico), especias, colorante (carotenos). Contiene huevo Puede contener trazas de mostaza y proteínas lácteas"],"conservation":" Conservar en lugar fresco y seco. No congelar. Una vez abierto conservar, bien cerrado en el frigorífico.","ean":"8410086314007"},{"full_name":"YBARRA salsa ligera frasco 450 ml","name":"salsa ligera frasco 450 ml","brand":"YBARRA ","img":"https://sgfm.elcorteingles.es/SGFM/00/15/8/0118014300158/0118014300158000g01011.jpg","price":"1,41 €","price_unit":"(3,13 € / Litro)","categories":["Supermercado","Alimentación General","Salsas, ketchup y tomate frito","Mayonesa y salsa ligera","YBARRA salsa ligera frasco 450 ml"],"general_information":["Denominación del alimento: Salsa de Mesa","Nombre del operador: Empresa Alimentación YBARRA","Dirección del operador: Carretera Isla Menor, km. 1,8. 41703 Dos Hermanas (Sevilla)","Cantidad Neta: 450 Mililitros"],"ingredients":[" Agua, aceite de girasol (25%), almidón modificado de maíz, azúcar, vinagre de vino, yema de huevo, sal,  zumo de limón, estabilizantes (goma garrofín y pectinas), conservador (sorbato potásico), aromas, colorante (carotenos), antioxidante (EDTA)."],"conservation":" Conservar en lugar fresco y seco. No congelar. Una vez abierto, conservar bien cerrado en el frigorífico.","ean":"8410086331059"},{"full_name":"YBARRA salsa especíal ensaladillas ideal para mezclar frasco 450 ml","name":"salsa especíal ensaladillas ideal para mezclar frasco 450 ml","brand":"YBARRA ","img":"https://sgfm.elcorteingles.es/SGFM/dctm/MEDIA02/CONTENIDOS/201505/05/00118014300877____2__600x600.jpg","price":"1,31 €            ","price_unit":"(2,84 € / Litro)","categories":["Supermercado","Alimentación General","Salsas, ketchup y tomate frito","Mayonesa y salsa ligera","YBARRA salsa especíal ensaladillas ideal para mezclar frasco 450 ml"],"general_information":["Denominación del alimento: Salsa de Mesa","Nombre del operador: Empresa Alimentación YBARRA","Dirección del operador: Carretera Isla Menor, km. 1,8. 41703 Dos Hermanas (Sevilla)","Cantidad Neta: 450 Mililitros"],"ingredients":[" Agua, aceite de girasol (30%), almidón modificado de maíz, azúcar, huevo y yema de huevo, vinagre, sal, estabilizantes (goma garrofín y pectinas), conservador (sorbato potásico), zumo de limón concentrado, aromas, colorante (carotenos)."],"conservation":" Conservar en lugar fresco y seco. No congelar. Una vez abierto, conservar bien cerrado en el frigorífico.","ean":"8410086313246"},{"full_name":"YBARRA mayonesa 100% aceite de oliva frasco 225 ml","name":"mayonesa 100% aceite de oliva frasco 225 ml","brand":"YBARRA ","img":"https://sgfm.elcorteingles.es/SGFM/dctm/MEDIA03/201705/24/00118014300109____1__600x600.jpg","price":"1,54 €            ","price_unit":"(6,71 € / Litro)","categories":["Supermercado","Alimentación General","Salsas, ketchup y tomate frito","Mayonesa y salsa ligera","YBARRA mayonesa 100% aceite de oliva frasco 225 ml"],"general_information":["Denominación del alimento: Mayonesa","Nombre del operador: Empresa Alimentación YBARRA","Dirección del operador: Carretera Isla Menor, km. 1,8. 41703 Dos Hermanas (Sevilla)","Cantidad Neta: 225 Mililitros"],"ingredients":[" Aceite de oliva (78%), yema de huevo, agua, vinagre de vino, azúcar, sal, zumo de limón concentrado, especias."],"conservation":" Conservar en lugar fresco y seco. No congelar. Una vez abierto, conservar bien cerrado en el frigorífico.","ean":"8410086315257"},{"full_name":"YBARRA salsa ligera envase 400 ml","name":"salsa ligera envase 400 ml","brand":"YBARRA ","img":"https://sgfm.elcorteingles.es/SGFM/dctm/MEDIA03/201705/24/00118014301008____3__600x600.jpg","price":"1,36 €            ","price_unit":"(3,22 € / Litro)","categories":["Supermercado","Alimentación General","Salsas, ketchup y tomate frito","Mayonesa y salsa ligera","YBARRA salsa ligera envase 400 ml"],"general_information":["Denominación del alimento: Salsa de Mesa","Nombre del operador: Empresa Alimentación YBARRA","Dirección del operador: Carretera Isla Menor, km. 1,8. 41703 Dos Hermanas (Sevilla)","Cantidad Neta: 400 Mililitros"],"ingredients":[" Agua, aceite de girasol (25%), almidón modificado de maíz, azúcar, vinagre de vino, yema de huevo, sal,  zumo de limón, estabilizantes (goma garrofín y pectinas), conservador (sorbato potásico), aromas, colorante (carotenos), antioxidante (EDTA)."],"conservation":" Conservar en lugar fresco y seco. No congelar. Una vez abierto, conservar bien cerrado en el frigorífico.","ean":"8410086343601"},{"full_name":"YBARRA mayonesa ecológica frasco 300 ml","name":"mayonesa ecológica frasco 300 ml","brand":"YBARRA ","img":"https://sgfm.elcorteingles.es/SGFM/dctm/MEDIA03/201609/02/00118014500054____1__600x600.jpg","price":"3,25 €","price_unit":"(10,83 € / Litro)","categories":["Supermercado","Alimentación General","Salsas, ketchup y tomate frito","Mayonesa y salsa ligera","YBARRA mayonesa ecológica frasco 300 ml"],"general_information":["Denominación del alimento: Mayonesa Ecológica","Nombre del operador: Empresa Alimentación YBARRA","Dirección del operador: Carretera Isla Menor, km. 1,8. 41703 Dos Hermanas (Sevilla)","Cantidad Neta: 300 Mililitros"],"ingredients":[" Aceite de girasol* (69%), agua, yema de huevo* (8,4%), aceite de oliva virgen extra* (5%), vinagre de vino*, azúcar Integral*, sal, zumo de limón concentrado*. * De cultivo ecológico certificado."],"conservation":" Conservar en lugar fresco y seco. No congelar. Una vez abierto, conservar bien cerrado en el frigorífico.","ean":"8410086312805"},{"full_name":"CALVE mayonesa casera tarro 825 ml","name":"mayonesa casera tarro 825 ml","brand":"CALVE ","img":"https://sgfm.elcorteingles.es/SGFM/dctm/MEDIA02/CONTENIDOS/201412/10/00118014300968____4__600x600.jpg","price":"2,64 €","price_unit":"(3,20 € / Litro)","categories":["Supermercado","Alimentación General","Salsas, ketchup y tomate frito","Mayonesa y salsa ligera","CALVE mayonesa casera tarro 825 ml"],"general_information":[],"ingredients":[],"ean":"8714100731642"},{"full_name":"CALVE mayonesa casera envase 400 ml","name":"mayonesa casera envase 400 ml","brand":"CALVE ","img":"https://sgfm.elcorteingles.es/SGFM/dctm/MEDIA03/201704/20/00118014301438____1__600x600.jpg","price":"1,89 €","price_unit":"(4,72 € / Litro)","categories":["Supermercado","Alimentación General","Salsas, ketchup y tomate frito","Mayonesa y salsa ligera","CALVE mayonesa casera envase 400 ml"],"general_information":["Denominación del alimento: Salsa fina","Nombre del operador: Unilever España S.A.","Dirección del operador: C/Tecnología 19, 08840 Viladecans (Barcelona)","Cantidad Neta: 400 Mililitros"],"ingredients":[" Agua, aceite de soja (40%), vinagre de vino blanco (5%), yema de huevo (3,2%), almidón modificado de maíz, almidón de trigo, azúcar, sal, cloruro potásico, espesantes (goma garrofín, goma guar), aromas (contiene mostaza), zumo de limón concentrado, colorante (carotenos)."],"conservation":" Una vez abierta, consérvese en frigorífico.","ean":"8714100731925"},{"full_name":"CALVE mayonesa especial para ensaladilla rusa envase 450 ml","name":"mayonesa especial para ensaladilla rusa envase 450 ml","brand":"CALVE ","img":"https://sgfm.elcorteingles.es/SGFM/dctm/MEDIA03/201610/14/00118014300729____2__600x600.jpg","price":"1,67 €","price_unit":"(3,71 € / Litro)","categories":["Supermercado","Alimentación General","Salsas, ketchup y tomate frito","Mayonesa y salsa ligera","CALVE mayonesa especial para ensaladilla rusa envase 450 ml"],"general_information":["Denominación del alimento: Salsa fina","País de origen: España","Cantidad Neta: 450 Mililitros","Número de raciones por envase: 30"],"ingredients":[" Ingredientes: Aceite de soja (49%), agua, yema de HUEVO de gallinas camperas (4,9%), vinagre de alcohol, azúcar, LECHE desnatada, almidón modificado de maíz, sal, almidón de TRIGO, conservador (ácido sórbico),  jarabe de glucosa deshidratada, espesantes (goma garrofín, goma guar), colorante (carotenos)."],"ean":"8722700442929"},{"full_name":"CALVE mayonesa casera frasco 225 ml","name":"mayonesa casera frasco 225 ml","brand":"CALVE ","img":"https://sgfm.elcorteingles.es/SGFM/00/45/5/0118014300455/0118014300455000g01011.jpg","price":"1,09 €","price_unit":"(4,84 € / Litro)","categories":["Supermercado","Alimentación General","Salsas, ketchup y tomate frito","Mayonesa y salsa ligera","CALVE mayonesa casera frasco 225 ml"],"general_information":["Denominación del alimento: Salsa fina","País de origen: España","Nombre del operador: Unilever","Dirección del operador: 900 812 511 Visítanos en www.calve.es","Cantidad Neta: 225 Mililitros","Número de raciones por envase: 15"],"ingredients":[" Ingredientes: Agua, aceite de soja (40%), vinagre de vino blanco (5%), yema de HUEVO de gallinas camperas (3,2%), almidón modificado de maíz, almidón de TRIGO, azúcar, sal, cloruro potásico, espesantes (goma garrofín, goma guar), aromas (contiene MOSTAZA), zumo de limón concentrado, colorante (carotenos)."],"conservation":" Una vez abierta, consérvese en frigorífico.","ean":"8722700442912"},{"full_name":"KRAFT mayonesa sabor tradicional frasco 450 ml","name":"mayonesa sabor tradicional frasco 450 ml","brand":"KRAFT ","img":"https://sgfm.elcorteingles.es/SGFM/dctm/MEDIA02/CONTENIDOS/201408/20/00118014300034____1__600x600.jpg","price":"1,35 €","price_unit":"(3 € / Litro)","categories":["Supermercado","Alimentación General","Salsas, ketchup y tomate frito","Mayonesa y salsa ligera","KRAFT mayonesa sabor tradicional frasco 450 ml"],"general_information":["Denominación del alimento: Salsa fina.","País de origen: España","Nombre del operador: Mondelez España Commercial, S.L.","Dirección del operador: C/Eucalipto, 25  - 28016 Madrid,  España","Cantidad Neta: 450 Mililitros"],"ingredients":[" INGREDIENTES: Agua, aceite de girasol (36%), HUEVO y yema de HUEVO, almidón modificado, vinagre de vino, azúcar, sal, corrector de acidez (acido láctico), conservante (E 202), antioxidante (E 385), colorante (extracto de pimentón), agente de carga (E 941)."],"ean":"7622300195830"},{"full_name":"KRAFT mayonesa sabor tradicional envase 250 ml","name":"mayonesa sabor tradicional envase 250 ml","brand":"KRAFT ","img":"https://sgfm.elcorteingles.es/SGFM/00/69/2/0200114300692/0200114300692000g01011.jpg","price":"0,87 €","price_unit":"(3,48 € / Litro)","categories":["Supermercado","Alimentación General","Salsas, ketchup y tomate frito","Mayonesa y salsa ligera","KRAFT mayonesa sabor tradicional envase 250 ml"],"general_information":["Denominación del alimento: Salsa fina.","País de origen: España","Nombre del operador: Mondelez España Commercial, S.L.","Dirección del operador: C/Eucalipto, 25  - 28016 Madrid,  España","Cantidad Neta: 250 Mililitros"],"ingredients":[" INGREDIENTES: Agua, aceite de girasol (36%), HUEVO y yema de HUEVO, almidón modificado, vinagre de vino, azúcar, sal, corrector de acidez (acido láctico), conservante (E 202), antioxidante (E 385), colorante (extracto de pimentón), agente de carga  (E 941)."],"ean":"7622300195854"},{"full_name":"KRAFT mayonesa sabor tradicional bocabajo envase 350 ml","name":"mayonesa sabor tradicional bocabajo envase 350 ml","brand":"KRAFT ","img":"https://sgfm.elcorteingles.es/SGFM/00/91/9/0118014300919/0118014300919000g01011.jpg","price":"1,61 €","price_unit":"(4,60 € / Litro)","categories":["Supermercado","Alimentación General","Salsas, ketchup y tomate frito","Mayonesa y salsa ligera","KRAFT mayonesa sabor tradicional bocabajo envase 350 ml"],"general_information":["Denominación del alimento: Salsa Fina.","País de origen: España","Nombre del operador: Mondelez España Commercial, S.L.","Dirección del operador: C/Eucalipto, 25  - 28016 Madrid,  España","Cantidad Neta: 350 Mililitros"],"ingredients":[" Ingredientes: Agua, aceite de girasol (37%), HUEVO y yema de HUEVO, almidón modificado, vinagre de vino, azúcar, sal, corrector de acidez (acido láctico), consevador (E-202), antioxidante (E-385) y colorante (extracto de pimentón)."],"ean":"7622300557690"},{"full_name":"HEINZ mayonesa con cebolla caramelizada y ajo envase 400 ml","name":"mayonesa con cebolla caramelizada y ajo envase 400 ml","brand":"HEINZ ","img":"https://sgfm.elcorteingles.es/SGFM/00/65/3/0118014300653/0118014300653000g01011.jpg","price":"2,41 €","price_unit":"(6,02 € / Litro)","categories":["Supermercado","Alimentación General","Salsas, ketchup y tomate frito","Mayonesa y salsa ligera","HEINZ mayonesa con cebolla caramelizada y ajo envase 400 ml"],"general_information":["Denominación del alimento: Salsa fina con sabor cebolla caramelizada","Nombre del operador: H.J. Heinz Foods Spain S.L.","Dirección del operador: Ctra. Rincón de Soto-Corella km 2,8. 26540 Alfaro (La Rioja)","Cantidad Neta: 395 g"],"ingredients":[" Aceite de soja 55%, agua, vinagre de alcohol, yema de huevo 5%, azúcar, nata ácida de leche en polvo, sal, semillas de mostaza, almidón modificado, cebolla en polvo 0,4%, ajo 0,3%, aromas naturales, hierba aromática, zumo de limón concentrado, espesantes (goma guar, goma xantana), especias, conservador (sorbato potásico), antioxidante (EDTA de calcio y disodio). Contiene huevo, mostaza y derivados, leche y derivados"],"conservation":" Una vez abierto conservar en frigorífico.","ean":"8410066113484"},{"full_name":"HEINZ mayonesa con huevos camperos envase 220 ml","name":"mayonesa con huevos camperos envase 220 ml","brand":"HEINZ ","img":"https://sgfm.elcorteingles.es/SGFM/dctm/MEDIA03/201606/13/00118014301230____1__600x600.jpg","price":"2,00 €","price_unit":"(9,09 € / Litro)","categories":["Supermercado","Alimentación General","Salsas, ketchup y tomate frito","Mayonesa y salsa ligera","HEINZ mayonesa con huevos camperos envase 220 ml"],"general_information":["Denominación del alimento: Mayonesa","Nombre del operador: H.J. Heinz Foods Spain S.L.","Dirección del operador: Ctra. Rincón de Soto-Corella km 2,8. 26540 Alfaro (La Rioja)","Cantidad Neta: 220 Mililitros"],"ingredients":[" Aceite de soja (68%), agua, yema de huevo pasteurizada procedente de gallinas camperas (5%), vinagre de alcohol, azúcar, almidón, sal, semillas de mostaza, especias, antioxidante (EDTA de calcio y disodio).  Contiene huevo y mostaza"],"conservation":" Una vez abierto conservar en frigorífico.","ean":"0000087157932"},{"full_name":"MUSA mayonesa frasco 450 ml","name":"mayonesa frasco 450 ml","brand":"MUSA ","img":"https://sgfm.elcorteingles.es/SGFM/dctm/MEDIA03/201611/17/00118014300067____1__600x600.jpg","price":"1,59 €","price_unit":"(3,53 € / Litro)","categories":["Supermercado","Alimentación General","Salsas, ketchup y tomate frito","Mayonesa y salsa ligera","MUSA mayonesa frasco 450 ml"],"general_information":["Denominación del alimento: Mayonesa","Nombre del operador: Agroalimentaria Musa S.L.","Dirección del operador: Ctra. N-IV, km,389 - 14610 Alcolea -Córdoba","Cantidad Neta: 540 Mililitros","Otras menciones obligatorias en la etiqueta: contiene HUEVO"],"ingredients":[" Aceite de girasol, agua, vinagre de vino, YEMA DE HUEVO, espesante: goma xantana, sal, colorantes: betacaroteno y curcumina, conservador: sorbato potásico, antioxidantes: EDTA y BHA."],"conservation":" Una vez abierto, consérvese en el frigorífico.","ean":"8431594010090"},{"full_name":"MUSA mayonesa ligera y cremosa frasco 400 ml","name":"mayonesa ligera y cremosa frasco 400 ml","brand":"MUSA ","img":"https://sgfm.elcorteingles.es/SGFM/dctm/MEDIA03/201701/04/00118014301354____1__600x600.jpg","price":"1,29 €","price_unit":"(3,22 € / Litro)","categories":["Supermercado","Alimentación General","Salsas, ketchup y tomate frito","Mayonesa y salsa ligera","MUSA mayonesa ligera y cremosa frasco 400 ml"],"general_information":["Denominación del alimento: salsa fina","Nombre del operador: Agroalimentaria Musa S.L.","Dirección del operador: Ctra. N-IV, km,389 - 14610 Alcolea -Córdoba","Cantidad Neta: 400 Mililitros","Otras menciones obligatorias en la etiqueta: contiene HUEVO"],"ingredients":[" Agua, aceite de girasol, YEMA DE HUEVO (yema y sal), vinagre, azúcar, almidón modificado de maíz, zumo de limón, espesante: goma xantana, sal conservadores: sorbato potásico y benzoato sódico, colorante: betacaroteno, aroma."],"conservation":" Una vez abierto, consérvese en el frigorífico.","ean":"8431594003221"},{"full_name":"CALVE mayonesa casera frasco 430 ml","name":"mayonesa casera frasco 430 ml","brand":"CALVE ","img":"https://sgfm.elcorteingles.es/SGFM/dctm/MEDIA03/201604/28/00118014301222____1__600x600.jpg","price":"1,93 €","price_unit":"(4,49 € / Litro)","categories":["Supermercado","Alimentación General","Salsas, ketchup y tomate frito","Mayonesa y salsa ligera","CALVE mayonesa casera frasco 430 ml"],"general_information":["Denominación del alimento: Salsa fina","País de origen: España","Nombre del operador: Unilever","Cantidad Neta: 430 Mililitros","Número de raciones por envase: 29"],"ingredients":[" Ingredientes: Agua, aceite de soja (40%), vinagre de vino blanco (5%), yema de HUEVO de gallinas camperas (3,2%), almidón modificado de maíz, almidón de TRIGO, azúcar, sal, cloruro potásico, espesantes (goma garrofín, goma guar), aromas (contiene MOSTAZA), zumo de limón concentrado, colorante (carotenos)."],"ean":"8710908958502"},{"full_name":"MUSA mayonesa con aceite de oliva frasco 225 ml","name":"mayonesa con aceite de oliva frasco 225 ml","brand":"MUSA ","img":"https://sgfm.elcorteingles.es/SGFM/dctm/MEDIA03/201705/12/00118014301040____2__600x600.jpg","price":"1,74 €","price_unit":"(3,87 € / Litro)","categories":["Supermercado","Alimentación General","Salsas, ketchup y tomate frito","Mayonesa y salsa ligera","MUSA mayonesa con aceite de oliva frasco 225 ml"],"general_information":["Denominación del alimento: Mayonesa con aceite de oliva","Nombre del operador: Agroalimentaria Musa S.L.","Dirección del operador: Ctra. N-IV, km,389 - 14610 Alcolea -Córdoba","Cantidad Neta: 225 Mililitros","Otras menciones obligatorias en la etiqueta: contiene HUEVO"],"ingredients":[" Aceite de oliva (76%) ? contiene exclusivamente aceites de oliva refinados y aceites de oliva vírgenes-, agua, YEMA DE HUEVO, vinagre de vino, azúcar, sal, espesante: goma xantana, concentrado de limón, conservante: sorbato potásico."],"conservation":" Una vez abierto, consérvese en el frigorífico.","ean":"8431594003030"},{"full_name":"PRIMA mayonesa más suave envase 400 ml","name":"mayonesa más suave envase 400 ml","brand":"PRIMA ","img":"https://sgfm.elcorteingles.es/SGFM/dctm/MEDIA02/CONTENIDOS/201503/13/00118014300851000_1__600x600.jpg","price":"1,73 €            ","price_unit":"(4,12 € / Litro)","categories":["Supermercado","Alimentación General","Salsas, ketchup y tomate frito","Mayonesa y salsa ligera","PRIMA mayonesa más suave envase 400 ml"],"general_information":[],"ingredients":[],"ean":"8410118043509"},{"full_name":"PRIMA mayonesa light -40% calorias envase 400 ml","name":"mayonesa light -40% calorias envase 400 ml","brand":"PRIMA ","img":"https://sgfm.elcorteingles.es/SGFM/dctm/MEDIA02/CONTENIDOS/201503/13/00118014300869000_1__600x600.jpg","price":"1,73 €            ","price_unit":"(4,12 € / Litro)","categories":["Supermercado","Alimentación General","Salsas, ketchup y tomate frito","Mayonesa y salsa ligera","PRIMA mayonesa light -40% calorias envase 400 ml"],"general_information":["Denominación del alimento: Mayonesa light","Nombre del operador: Bolton Cile España","Dirección del operador: C/ Ombú nº3 28045 Madrid, España","Cantidad Neta: 500 Mililitros"],"ingredients":[" Agua, aceite de girasol (30%), vinagre, yema de HUEVO, almidón modificado, azúcar, sal, concentrado de zumo de limón, estabilizante (goma xantana), concentrado vegetal, conservadores (sorbato potásico y benzoato sódico)"],"ean":"8410118042755"},{"full_name":"PRIMA mayonesa 15 bolsitas de 10 ml envase 150 ml","name":"mayonesa 15 bolsitas de 10 ml envase 150 ml","brand":"PRIMA ","img":"https://sgfm.elcorteingles.es/SGFM/dctm/MEDIA02/CONTENIDOS/201503/24/00118014300026____1__600x600.jpg","price":"1,39 €            ","price_unit":"(8,87 € / Litro)","categories":["Supermercado","Alimentación General","Salsas, ketchup y tomate frito","Mayonesa y salsa ligera","PRIMA mayonesa 15 bolsitas de 10 ml envase 150 ml"],"general_information":[],"ingredients":[],"ean":"8410118028797"},{"full_name":"M.VITA mayonesa ecológica pack 3 envases 125 ml","name":"mayonesa ecológica pack 3 envases 125 ml","brand":"M.VITA ","img":"https://sgfm.elcorteingles.es/SGFM/dctm/MEDIA02/CONTENIDOS/201502/09/00118014500047____2__600x600.jpg","price":"3,55 €","price_unit":"(9,47 € / Litro)","categories":["Supermercado","Alimentación General","Salsas, ketchup y tomate frito","Mayonesa y salsa ligera","M.VITA mayonesa ecológica pack 3 envases 125 ml"],"general_information":["Denominación del alimento: Mayonesa","Nombre del operador: Cía. Alimentaria Sur de Europa S.A.","Dirección del operador: Pol. Ind. El Garrotal, parc. 39 14700 Palma de Río - Córdoba","Cantidad Neta: 375,0 Mililitros","Número de raciones por envase: 0","Otras menciones obligatorias en la etiqueta: Envasado sin aire. ES-ECO-001-AN"],"ingredients":[" Aceite de girasol*, aceite de oliva virgen extra* (15%), agua, yema de huevo (5%), vinagre de vino*, sal, estabilizante: goma xantana y zumo de limón*. *procedente de la Agricultura Ecológica."],"conservation":" Conservar en sitio fresco. Una vez abierto, mantener refrigerado y consumir antes de 15 días.","ean":"8437012780248"},{"full_name":"MUSA mayonesa frasco 225 ml","name":"mayonesa frasco 225 ml","brand":"MUSA ","img":"https://sgfm.elcorteingles.es/SGFM/00/22/1/0200114300221/0200114300221000g01011.jpg","price":"0,97 €","price_unit":"(4,31 € / Litro)","categories":["Supermercado","Alimentación General","Salsas, ketchup y tomate frito","Mayonesa y salsa ligera","MUSA mayonesa frasco 225 ml"],"general_information":["Denominación del alimento: Mayonesa","Nombre del operador: Agroalimentaria Musa S.L.","Dirección del operador: Ctra. N-IV, km,389 - 14610 Alcolea -Córdoba","Cantidad Neta: 225 Mililitros","Otras menciones obligatorias en la etiqueta: contiene HUEVO"],"ingredients":[" Aceite de girasol, agua, vinagre de vino, YEMA DE HUEVO, espesante: goma xantana, sal, colorantes: betacaroteno y curcumina, conservador: sorbato potásico, antioxidantes: EDTA y BHA."],"conservation":" Una vez abierto, consérvese en el frigorífico.","ean":"8431594003009"},{"full_name":"FLORA salsa sin huevo baja en colesterol frasco 225 ml","name":"salsa sin huevo baja en colesterol frasco 225 ml","brand":"FLORA ","img":"https://sgfm.elcorteingles.es/SGFM/00/19/0/0118014300190/0118014300190000g01011.jpg","price":"1,33 €","price_unit":"(5,91 € / Litro)","categories":["Supermercado","Alimentación General","Salsas, ketchup y tomate frito","Mayonesa y salsa ligera","FLORA salsa sin huevo baja en colesterol frasco 225 ml"],"general_information":["Denominación del alimento: Salsa","Nombre del operador: Unilever España S.A.","Dirección del operador: C/Tecnología 19, 08840 Viladecans (Barcelona)","Cantidad Neta: 226 g"],"ingredients":[" Aceites vegetales (50%), agua, azúcar, vinagre de vino, almidón modificado de maíz, proteína láctea y lactosa, sal, mostaza, conservador (ácido sórbico), espesante (goma xantana), acidulante (ácido láctico), emulgente (mono y diglicéridos de los ácidos grasos), colorante (beta-caroteno), extracto de especias, aromas."],"conservation":" Una vez abierto conservar en frigorífico","ean":"8712566092918"},{"full_name":"SANTA TERESA mayonesa sabor intenso con aceite de oliva envase 125 ml","name":"mayonesa sabor intenso con aceite de oliva envase 125 ml","brand":"SANTA TERESA ","img":"https://sgfm.elcorteingles.es/SGFM/00/31/5/0118850600315/0118850600315000g01011.jpg","price":"1,66 €","price_unit":"(13,28 € / Litro)","categories":["Supermercado","Alimentación General","Salsas, ketchup y tomate frito","Mayonesa y salsa ligera","SANTA TERESA mayonesa sabor intenso con aceite de oliva envase 125 ml"],"general_information":["Denominación del alimento: Mayonesa","País de origen: España","Nombre del operador: Yemas de Sta. Teresa S.A.","Dirección del operador: Plaza José Tomé 4 05001 Ávila","Lugar de procedencia del alimento: España","Cantidad Neta: 125,0 Mililitros","Otras menciones obligatorias en la etiqueta: SIN CONSERVANTES. SIN ADITIVOS. Con aceite de oliva virgen extra (55%)."],"ingredients":[" Aceite de oliva virgen extra (55%), aceite de oliva (22%), yema de huevo, vinagre de sidra, zumo de limón, sal y mostaza."],"conservation":" CONSERVACIÓN: conservar en frío entre 8° y 12° C. Una vez abierto, conservar 5 días en frío.","ean":"8422237250010"},{"full_name":"SANTA TERESA mayonesa sabor suave con aceite de oliva envase 125 ml","name":"mayonesa sabor suave con aceite de oliva envase 125 ml","brand":"SANTA TERESA ","img":"https://sgfm.elcorteingles.es/SGFM/00/38/0/0118850600380/0118850600380000g01011.jpg","price":"1,49 €","price_unit":"(11,92 € / Litro)","categories":["Supermercado","Alimentación General","Salsas, ketchup y tomate frito","Mayonesa y salsa ligera","SANTA TERESA mayonesa sabor suave con aceite de oliva envase 125 ml"],"general_information":["Denominación del alimento: Mayonesa sabor suave","País de origen: España","Nombre del operador: Yemas de Sta. Teresa S.A.","Dirección del operador: Plaza José Tomé 4 05001 Ávila","Lugar de procedencia del alimento: España","Cantidad Neta: 125,0 Mililitros","Otras menciones obligatorias en la etiqueta: SIN CONSERVANTES. SIN ADITIVOS. Sabor suave. Con aceite de oliva (20%)."],"ingredients":[" Aceite de girasol, aceite de oliva (20%), yema de huevo, vinagre de sidra, zumo de limón y sal."],"conservation":" CONSERVACIÓN: conservar en frío entre 8° y 12° C. Una vez abierto, conservar 5 días en frío.","ean":"8422237253011"},{"full_name":"CHOVI mayonesa ajonesa envase 410 ml","name":"mayonesa ajonesa envase 410 ml","brand":"CHOVI ","img":"https://sgfm.elcorteingles.es/SGFM/dctm/MEDIA02/CONTENIDOS/201507/06/00118014301107____1__600x600.jpg","price":"1,75 €","price_unit":"(4,27 € / Litro)","categories":["Supermercado","Alimentación General","Salsas, ketchup y tomate frito","Mayonesa y salsa ligera","CHOVI mayonesa ajonesa envase 410 ml"],"general_information":["Denominación del alimento: Ajonesa","Nombre del operador: Choví S.L.U.","Dirección del operador: P.I.Font de Mussa, 46450 Benifaió (Valencia)","Cantidad Neta: 0.38 Kilogramos"],"ingredients":[" Aceite vegetal* 75%, agua, yema de huevo de gallinas camperas (6%), jugo de limón concentrado, ajo (1,25%), azúcar, vinagre, sal, almidón modificado, especias, conservador: sorbato potásico, antioxidante: EDTA de calcio y disodio."],"conservation":" Una vez abierto, guardar en frigorífico","ean":"8410422002117"},{"full_name":"CHOVI mayonesa ligera kids envase 388 ml","name":"mayonesa ligera kids envase 388 ml","brand":"CHOVI ","img":"https://sgfm.elcorteingles.es/SGFM/dctm/MEDIA03/201704/06/00118014301370____1__600x600.jpg","price":"1,19 €","price_unit":"(3,07 € / Kilo)","categories":["Supermercado","Alimentación General","Salsas, ketchup y tomate frito","Mayonesa y salsa ligera","CHOVI mayonesa ligera kids envase 388 ml"],"general_information":["Denominación del alimento: Mayonesa","Nombre del operador: Chovi. S.L.U.","Dirección del operador: P.I.Font de Mussa. 46450 Benifaió (Valencia)","Cantidad Neta: 0.400 Mililitros"],"ingredients":[" Agua, aceite de girasol (38%), yema de huevo, azúcar, almidón modificado, vinagre de vino, sal, jugo de limón, estabilizador: goma xantana, antioxidante: E385, colorante: Betacaroteno"],"conservation":" Una vez abierto, guardar en frigorífico","ean":"8410422004135"},{"full_name":"GUACHINERFE mayonesa con mojo mojonesa frasco 235 ml","name":"mayonesa con mojo mojonesa frasco 235 ml","brand":"GUACHINERFE ","img":"https://sgfm.elcorteingles.es/SGFM/dctm/MEDIA02/CONTENIDOS/201511/19/00118014301206____1__600x600.jpg","price":"1,79 €","price_unit":"(7,62 € / Litro)","categories":["Supermercado","Alimentación General","Salsas, ketchup y tomate frito","Mayonesa y salsa ligera","GUACHINERFE mayonesa con mojo mojonesa frasco 235 ml"],"general_information":["Denominación del alimento: Mojonesa. Mayonesa con pimienta sabor picante","Nombre del operador: Veldis, S.A.","Dirección del operador: C/ Puerto de Navacerrada, 59. 28935 Móstoles (Madrid - España)","Cantidad Neta: 225 g"],"ingredients":[" Aceite de girasol, agua, pimienta, vinagre de alcohol, yema de huevo, ajo, sal, almidón modificado de maíz, azúcar, espesante: goma xantana, especias, zumo de limón, conservador: sorbato potásico, acidulante: ácido cítrico."],"conservation":" Una vez abierto mantener en frío (5ºC).","ean":"8437010931390"},{"full_name":"COOSUR salsa sin huevo y sin lactosa frasco 450 ml","name":"salsa sin huevo y sin lactosa frasco 450 ml","brand":"COOSUR ","img":"https://sgfm.elcorteingles.es/SGFM/dctm/MEDIA02/CONTENIDOS/201512/14/00200114301161____1__600x600.jpg","price":"1,58 €            ","categories":["Supermercado","Alimentación General","Salsas, ketchup y tomate frito","Mayonesa y salsa ligera","COOSUR salsa sin huevo y sin lactosa frasco 450 ml"],"general_information":["Denominación del alimento: Salsa sin huevo y sin lactosa","País de origen: España","Nombre del operador: Aceites del Sur- Coosur S.A.","Dirección del operador: Ctra. La Carolina Km 29. 23220 Vilches (Jaén)","Cantidad Neta: 450 Mililitros"],"ingredients":[" Aceite de girasol, Agua, Vinagre, Azúcar, Sal, Proteína de guisante, Almidón modificado de maíz, Estabilizantes: goma xantana y goma guar, zumo de limón, Conservador: sorbato potásico, Antioxidantes: Extracto de romero y  EDTA, Colorante: Betacaroteno, y aromas"],"conservation":" Una vez abierto, consérvese en el frigorífico","ean":"8436033825266"},{"full_name":"COOSUR mayonesa 80% aceite de girasol frasco 225 ml","name":"mayonesa 80% aceite de girasol frasco 225 ml","brand":"COOSUR ","img":"https://sgfm.elcorteingles.es/SGFM/00/79/4/0118014300794/0118014300794000g01011.jpg","price":"1,44 €","price_unit":"(6,40 € / Litro)","categories":["Supermercado","Alimentación General","Salsas, ketchup y tomate frito","Mayonesa y salsa ligera","COOSUR mayonesa 80% aceite de girasol frasco 225 ml"],"general_information":["Denominación del alimento: Mayonesa","País de origen: España","Nombre del operador: Aceites del Sur- Coosur S.A.","Dirección del operador: Ctra. La Carolina Km 29. 23220 Vilches (Jaén)","Cantidad Neta: 225 Mililitros"],"ingredients":[" Aceite girasol (80%), Agua, Huevo y yema de huevo, Vinagre, Sal,  Azúcar, zumo de limón, Estabilizantes: goma guar y goma xantana, Antioxidante: EDTA, Colorante: betacaroteno."],"conservation":" Una vez abierto, consérvese en el frigorífico","ean":"8436033823620"},{"full_name":"HEINZ mayonesa con huevo de gallinas camperas frasco 480 ml","name":"mayonesa con huevo de gallinas camperas frasco 480 ml","brand":"HEINZ ","img":"https://sgfm.elcorteingles.es/SGFM/dctm/MEDIA03/201604/06/00118014301255____1__600x600.jpg","price":"2,19 €","price_unit":"(4,56 € / Litro)","categories":["Supermercado","Alimentación General","Salsas, ketchup y tomate frito","Mayonesa y salsa ligera","HEINZ mayonesa con huevo de gallinas camperas frasco 480 ml"],"general_information":["Denominación del alimento: Mayonesa","Nombre del operador: H.J. Heinz Foods Spain S.L.","Dirección del operador: Ctra. Rincón de Soto-Corella km 2,8. 26540 Alfaro (La Rioja)","Cantidad Neta: 480 Mililitros"],"ingredients":[" Aceite de soja (68%), agua, yema de huevo pasteurizada procedente de gallinas camperas (5%), vinagre de alcohol, azúcar, almidón, sal, semillas de mostaza, especias, antioxidante (EDTA de calcio y disodio).  Contiene huevo y mostaza"],"conservation":" Una vez abierto conservar en frigorífico.","ean":"8715700422091"},{"full_name":"HEINZ mayonesa ligera frasco 480 ml","name":"mayonesa ligera frasco 480 ml","brand":"HEINZ ","img":"https://sgfm.elcorteingles.es/SGFM/dctm/MEDIA03/201604/06/00200114301211____1__600x600.jpg","price":"2,07 €","price_unit":"(4,31 € / Litro)","categories":["Supermercado","Alimentación General","Salsas, ketchup y tomate frito","Mayonesa y salsa ligera","HEINZ mayonesa ligera frasco 480 ml"],"general_information":["Denominación del alimento: Mayonesa","Nombre del operador: H.J. Heinz Foods Spain S.L.","Dirección del operador: Ctra. Rincón de Soto-Corella km 2,8. 26540 Alfaro (La Rioja)","Cantidad Neta: 480 Mililitros"],"ingredients":[" Agua, aceite de soja (25%), almidón, huevo pasteurizado procedente de gallinas camperas (3,5%), vinagre de alcohol, azúcar, sal, yema de huevo pasteurizada procedente de gallinas camperas (1%), zumo concentrado de limón, conservador (sorbato potásico), semillas de mostaza, especias y antioxidante (EDTA de calcio y disodio).  Contiene huevo y mostaza"],"conservation":" Una vez abierto conservar en frigorífico.","ean":"8715700422107"},{"full_name":"HEINZ mayonesa con huevo de gallinas camperas envase 400 ml","name":"mayonesa con huevo de gallinas camperas envase 400 ml","brand":"HEINZ ","img":"https://sgfm.elcorteingles.es/SGFM/dctm/MEDIA03/201604/06/00200114301237____1__600x600.jpg","price":"2,34 €","price_unit":"(5,85 € / Litro)","categories":["Supermercado","Alimentación General","Salsas, ketchup y tomate frito","Mayonesa y salsa ligera","HEINZ mayonesa con huevo de gallinas camperas envase 400 ml"],"general_information":["Denominación del alimento: Mayonesa","Nombre del operador: H.J. Heinz Foods Spain S.L.","Dirección del operador: Ctra. Rincón de Soto-Corella km 2,8. 26540 Alfaro (La Rioja)","Cantidad Neta: 400 Mililitros"],"ingredients":[" Aceite de soja (68%), agua, yema de huevo pasteurizada procedente de gallinas camperas (5%), vinagre de alcohol, azúcar, almidón, sal, semillas de mostaza, especias, antioxidante (EDTA de calcio y disodio).  Contiene huevo y mostaza"],"conservation":" Una vez abierto conservar en frigorífico.","ean":"8715700422084"},{"full_name":"VEGETALL Vegetalesa mayonesa vegana 100% vegeta,l 60% menos calorías, 0% alérgenos tarro 225 ml","name":"Vegetalesa mayonesa vegana 100% vegeta,l 60% menos calorías, 0% alérgenos tarro 225 ml","brand":"VEGETALL ","img":"https://sgfm.elcorteingles.es/SGFM/dctm/MEDIA03/201607/11/00120768200352____1__600x600.jpg","price":"2,48 €","categories":["Supermercado","Alimentación General","Salsas, ketchup y tomate frito","Mayonesa y salsa ligera","VEGETALL Vegetalesa mayonesa vegana 100% vegeta,l 60% menos calorías, 0% alérgenos tarro 225 ml"],"general_information":[],"ingredients":[],"ean":"8436542385091"},{"full_name":"MILLS Ekte Majones mayonesa tubo 170 g","name":"Ekte Majones mayonesa tubo 170 g","brand":"MILLS ","img":"https://sgfm.elcorteingles.es/SGFM/dctm/MEDIA03/201709/14/00118855100964____1__600x600.jpg","price":"2,98 €","price_unit":"(17,53 € / Kilo)","categories":["Supermercado","Alimentación General","Salsas, ketchup y tomate frito","Mayonesa y salsa ligera","MILLS Ekte Majones mayonesa tubo 170 g"],"general_information":[],"ingredients":[],"ean":"7036110006215"},{"full_name":"GAUTSCHI salsa curry frasco 115 g","name":"salsa curry frasco 115 g","brand":"GAUTSCHI ","img":"https://sgfm.elcorteingles.es/SGFM/dctm/MEDIA02/CONTENIDOS/201412/10/00118016700165____1__600x600.jpg","price":"4,42 €            ","price_unit":"(21,30 € / Kilo)","categories":["Supermercado","Alimentación General","Comida Internacional","Salsas orientales","GAUTSCHI salsa curry frasco 115 g"],"general_information":["Denominación del alimento: Salsa al curry","País de origen: Suiza","Nombre del operador: Mundial Gourmet, S.A.","Dirección del operador: c/ Joan Torruella, 45 - 08758 Cervelló","Cantidad Neta: 115,0 g"],"ingredients":[" Aceite de girasol, yogur (leche entera, proteína láctea), mostaza (agua, granos de mostaza, vinagre de mesa, sal de mesa yodada, azúcar), curry 6%, preparado a base de mango (mango, jengibre, ajo, chile), yema de huevo pasteurizada, azúcar, sal, de mesa yodada, acidulante (E270), aromatizante, conservante (E202), espesante (E415), antioxidante (E307).Contiene: leche, mostaza, huevo."],"conservation":" Después de abierto, consevar en la nevera y consumir en un plazo de 3 semanas.","ean":"7610405067541"},{"full_name":"EL CORTE INGLES salsa de tomate albahaca tarro 260 g","name":"salsa de tomate albahaca tarro 260 g","brand":"EL CORTE INGLES ","img":"https://sgfm.elcorteingles.es/SGFM/dctm/MEDIA03/201604/04/00118038401446____2__600x600.jpg","price":"0,88 €","price_unit":"(3,38 € / Kilo)","categories":["Supermercado","Alimentación General","Salsas, ketchup y tomate frito","Salsa para pasta","EL CORTE INGLES salsa de tomate albahaca tarro 260 g"],"general_information":["Denominación del alimento: Salsa de tomate con albahaca","Nombre del operador: Elaborado para El Corte Inglés por \nIndustrias Alimentarias de Navarra, S.A.U.\nPeñalfons, s/n \n31330 Villafranca ? Navarra\nEspaña","Cantidad Neta: 260 g","Número de raciones por envase: 3"],"ingredients":[" Ingredientes: Tomate (92%), aceite de oliva, azúcar, sal, almidón modificado de maíz, especias [orégano y albahaca (0,1%)], ajo y acidulante (ácido cítrico). Puede contener trazas de apio y leche y derivados."],"conservation":" Una vez abierto, conservar refrigerado y consumir en un plazo inferior a 3 días.","ean":"8433329071994"},{"full_name":"EL CORTE INGLES salsa carbonara frasco 260 g","name":"salsa carbonara frasco 260 g","brand":"EL CORTE INGLES ","img":"https://sgfm.elcorteingles.es/SGFM/dctm/MEDIA03/201604/22/00118038401412____2__600x600.jpg","price":"1,59 €","price_unit":"(6,12 € / Kilo)","categories":["Supermercado","Alimentación General","Salsas, ketchup y tomate frito","Salsa para pasta","EL CORTE INGLES salsa carbonara frasco 260 g"],"general_information":["Denominación del alimento: Salsa carbonara.","Nombre del operador: Elaborado para El Corte Inglés por \nIndustrias Alimentarias de Navarra, S.A.U.\nPeñalfons, s/n \n31330 Villafranca ? Navarra\nEspaña","Cantidad Neta: 260 g","Número de raciones por envase: 3"],"ingredients":[" Ingredientes: Agua, preparado lácteo (5%) (nata, leche desnatada en polvo y estabilizador (E 450 )), bacon (5%) (panceta de cerdo, agua, sal, azúcar, estabilizador: E-451i, antioxidante: E-316, conservador: E-250, aroma de humo natural y especias), cebolla (5%), aceite de oliva, almidón modificado de maíz, sal, estabilizantes: E-472e y E-415, aromas y pimienta blanca. Contiene leche y derivados (incluido lactosa). Puede contener trazas de apio."],"conservation":" Una vez abierto, conservar refrigerado y consumir en un plazo inferior a 3 días.","ean":"8433329071987"},{"full_name":"EL CORTE INGLES salsa napolitana frasco 260 g","name":"salsa napolitana frasco 260 g","brand":"EL CORTE INGLES ","img":"https://sgfm.elcorteingles.es/SGFM/dctm/MEDIA03/201604/04/00118038401438____2__600x600.jpg","price":"0,90 €","price_unit":"(3,46 € / Kilo)","categories":["Supermercado","Alimentación General","Salsas, ketchup y tomate frito","Salsa para pasta","EL CORTE INGLES salsa napolitana frasco 260 g"],"general_information":["Denominación del alimento: Salsa napolitana","Nombre del operador: Elaborado para El Corte Inglés por \nIndustrias Alimentarias de Navarra, S.A.U.\nPeñalfons, s/n \n31330 Villafranca ? Navarra\nEspaña","Cantidad Neta: 260 g","Número de raciones por envase: 3"],"ingredients":[" Ingredientes: Tomate (79%), hortalizas en proporción variable (zanahoria y cebolla), aceite de oliva, azúcar, almidón modificado de maíz, sal, aroma natural, especias (orégano y romero), ajo y acidulante (ácido cítrico). Puede contener trazas de apio y leche y derivados."],"conservation":" Una vez abierto, conservar refrigerado y consumir en un plazo inferior a 3 días.","ean":"8433329071970"},{"full_name":"EL CORTE INGLES salsa boloñesa frasco 260 g","name":"salsa boloñesa frasco 260 g","brand":"EL CORTE INGLES ","img":"https://sgfm.elcorteingles.es/SGFM/dctm/MEDIA03/201604/04/00118038401420____4__600x600.jpg","price":"1,00 €","price_unit":"(3,85 € / Kilo)","categories":["Supermercado","Alimentación General","Salsas, ketchup y tomate frito","Salsa para pasta","EL CORTE INGLES salsa boloñesa frasco 260 g"],"general_information":["Denominación del alimento: Salsa boloñesa","Nombre del operador: Elaborado para El Corte Inglés por \nIndustrias Alimentarias de Navarra, S.A.U.\nPeñalfons, s/n \n31330 Villafranca ? Navarra\nEspaña","Cantidad Neta: 260 g","Número de raciones por envase: 3"],"ingredients":[" Ingredientes: Tomate (60%), hortalizas en proporción variable (13%) (cebolla, zanahoria y apio), carne de cerdo (6,5%) (magro de cerdo,  agua, sal y estabilizador: E-451i), carne de vacuno (3,5%) (magro de ternera, agua, sal y estabilizador: E-451i), aceite de oliva (4%), azúcar,  almidón modificado de maíz, especias (albahaca,  pimienta negra y orégano), extracto de levadura, aroma y aroma de humo, ajo, sal y acidulante: ácido láctico. Puede contener trazas de leche y derivados."],"conservation":" Una vez abierto, conservar refrigerado y consumir en un plazo inferior a 3 días.","ean":"8433329071963"},{"full_name":"BUITONI salsa 4 formaggi fresca tarrina 140 g","name":"salsa 4 formaggi fresca tarrina 140 g","brand":"BUITONI ","img":"https://sgfm.elcorteingles.es/SGFM/00/18/2/0118850600182/0118850600182000g01011.jpg","price":"2,30 €","price_unit":"(16,43 € / Kilo)","categories":["Supermercado","Alimentación General","Salsas, ketchup y tomate frito","Salsa para pasta","BUITONI salsa 4 formaggi fresca tarrina 140 g"],"general_information":["Denominación del alimento: Salsa de 4 quesos.","Nombre del operador: Nestlé España, S.A.","Dirección del operador: Avinguda Països Catalans, 51 - 08950 Esplugues de Llobregat (Barcelona)","Cantidad Neta: 140 g"],"ingredients":[" Leche, quesos 32% [Fontal, Gorgonzola, Grana Padano (contiene lisozima de huevo), Itálico], suero de leche, mantequilla, aceite de girasol, almidón de arroz, vino blanco, suero de leche en polvo, sal, aroma, pimienta, corrector de acidez (ácido láctico). Puede contener trazas de frutos secos."],"conservation":" Conservar en frío a +4 °C. Una vez abierto consumir en tres días.","ean":"8000300274370"},{"full_name":"BUITONI salsa funghi porcini fresca tarrina 140 g","name":"salsa funghi porcini fresca tarrina 140 g","brand":"BUITONI ","img":"https://sgfm.elcorteingles.es/SGFM/00/17/4/0118850600174/0118850600174000g01011.jpg","price":"2,30 €","price_unit":"(16,43 € / Kilo)","categories":["Supermercado","Alimentación General","Salsas, ketchup y tomate frito","Salsa para pasta","BUITONI salsa funghi porcini fresca tarrina 140 g"],"general_information":["Denominación del alimento: salsa de setas","Nombre del operador: Nestlé España, S.A.","Dirección del operador: Avinguda Països Catalans, 51 - 08950 Esplugues de Llobregat (Barcelona)","Cantidad Neta: 140 g"],"ingredients":[" Setas (27%) (Agaricus bisporus, Boletus edulis), suero de leche, leche, quesos (contiene lisozima de huevo), aceite de girasol, almidón de arroz y patata, suero de leche en polvo, sal, vino blanco, mantequilla, perejil, cebolla, ajo, pimienta negra, aromas. Puede contener trazas de frutos secos."],"conservation":" Conservar en frío a 4°C. Una vez abierto consumir en 3 días.","ean":"8000300273854"},{"full_name":"BUITONI salsa pesto a la genovese fresca tarrina 140 g","name":"salsa pesto a la genovese fresca tarrina 140 g","brand":"BUITONI ","img":"https://sgfm.elcorteingles.es/SGFM/00/21/6/0118850600216/0118850600216000g01011.jpg","price":"2,30 €","price_unit":"(16,43 € / Kilo)","categories":["Supermercado","Alimentación General","Salsas, ketchup y tomate frito","Salsa para pasta","BUITONI salsa pesto a la genovese fresca tarrina 140 g"],"general_information":["Denominación del alimento: Salsa Pesto a la Genovesa de albahaca, aceite de oliva virgen extra (10%) y piñones","País de origen: Italia","Nombre del operador: Nestlé España, S.A.","Dirección del operador: Edificio Nestlé 08950 Esplugues de Llobregat (Barcelona)","Cantidad Neta: 140 g"],"ingredients":[" INGREDIENTES: albahaca (31,5%), aceite de girasol, suero de leche en polvo, aceite de oliva virgen extra (10%), queso Peccorino, queso Grana Padano (5%), dextrosa, piñones (1,5%), sal, ajo, aromas naturales. Puede contener huevo."],"conservation":" Conservar en frío a +4°. Una vez abierto consumir en tres días","ean":"0000080243588"},{"full_name":"BARILLA salsa boloñesa nueva receta frasco 400 g","name":"salsa boloñesa nueva receta frasco 400 g","brand":"BARILLA ","img":"https://sgfm.elcorteingles.es/SGFM/dctm/MEDIA02/CONTENIDOS/201510/19/00118038401396____2__600x600.jpg","price":"2,14 €","price_unit":"(5,35 € / Kilo)","categories":["Supermercado","Alimentación General","Salsas, ketchup y tomate frito","Salsa para pasta","BARILLA salsa boloñesa nueva receta frasco 400 g"],"general_information":["Denominación del alimento: SALSA DE TOMATE CON CARNE DE BUEY Y DE CERDO","País de origen: Italia","Nombre del operador: Barilla G. e R. Fratelli","Dirección del operador: Via Mantova 166, Parma - Italy","Cantidad Neta: 400 g"],"ingredients":[" Pulpa de tomate 24%, agua, concentrado de tomate 17%, cebolla 8,5%, carne de buey 8%, carne de cerdo 8%, zanahorias 6%, apio 3%, azúcar, aceite de girasol, sal, almidón de maíz, tomillo, laurel 0,05%, pimienta negra."],"conservation":" Una vez abierto, guárdese en el frigorífico 5 días como máximo.","ean":"8076809513678"},{"full_name":"BARILLA salsa bolognese riche frasco 400 g","name":"salsa bolognese riche frasco 400 g","brand":"BARILLA ","img":"https://sgfm.elcorteingles.es/SGFM/dctm/MEDIA03/201709/11/00118038401644____1__600x600.jpg","price":"3,19 €","price_unit":"(7,98 € / Kilo)","categories":["Supermercado","Alimentación General","Salsas, ketchup y tomate frito","Salsa para pasta","BARILLA salsa bolognese riche frasco 400 g"],"general_information":[],"ingredients":[],"ean":"8076809572255"},{"full_name":"BARILLA salsa boloñesa con queso italiano frasco 400 g","name":"salsa boloñesa con queso italiano frasco 400 g","brand":"BARILLA ","img":"https://sgfm.elcorteingles.es/SGFM/dctm/MEDIA02/CONTENIDOS/201504/17/00118038401388____1__600x600.jpg","price":"2,14 €","price_unit":"(5,35 € / Kilo)","categories":["Supermercado","Alimentación General","Salsas, ketchup y tomate frito","Salsa para pasta","BARILLA salsa boloñesa con queso italiano frasco 400 g"],"general_information":["Denominación del alimento: SALSA BOLOÑESA CON QUESOS ITALIANOS","País de origen: Italia","Nombre del operador: Barilla G. e R. Fratelli","Dirección del operador: Via Mantova 166, Parma - Italy","Cantidad Neta: 400 g"],"ingredients":[" Agua, concentrado de tomate 20,5%, cebolla, carne de cerdo 10%, pulpa de tomate 6,1%, carne bovina 2,0%, zanahoria, QUESO Ricotta (suero de LECHE, NATA), aroma natural (LECHE), almidón de maíz, QUESO Grana Padano DOP 1,0%, QUESO Pecorino Romano DOP 1%, aceite de girasol, sal, azúcar, tomillo 0,05%, pimienta negra, extracto de salvia, laurel."],"conservation":" Una vez abierto, guárdese en el frigorífico 5 días como máximo.","ean":"8076809546362"},{"full_name":"BARILLA salsa basílico frasco 400 g","name":"salsa basílico frasco 400 g","brand":"BARILLA ","img":"https://sgfm.elcorteingles.es/SGFM/dctm/MEDIA02/CONTENIDOS/201411/19/00118038400398____1__600x600.jpg","price":"2,14 €","price_unit":"(5,35 € / Kilo)","categories":["Supermercado","Alimentación General","Salsas, ketchup y tomate frito","Salsa para pasta","BARILLA salsa basílico frasco 400 g"],"general_information":["Denominación del alimento: SALSA DE TOMATE CON ALBAHACA","País de origen: Italia","Nombre del operador: Barilla G. e R. Fratelli","Dirección del operador: Via Mantova 166, Parma - Italy","Cantidad Neta: 400 g"],"ingredients":[" Pulpa de tomate 71%, concentrado de tomate 13,5%, cebolla, aceite de girasol, albahaca 2%, azúcar, sal, aroma natural."],"conservation":" Una vez abierto, guárdese en el frigorífico 5 días como máximo.","ean":"8076809513739"},{"full_name":"BARILLA salsa de tomate con aceitunas frasco 400 g","name":"salsa de tomate con aceitunas frasco 400 g","brand":"BARILLA ","img":"https://sgfm.elcorteingles.es/SGFM/dctm/MEDIA02/CONTENIDOS/201411/19/00118038400380____1__600x600.jpg","price":"2,14 €","price_unit":"(5,35 € / Kilo)","categories":["Supermercado","Alimentación General","Salsas, ketchup y tomate frito","Salsa para pasta","BARILLA salsa de tomate con aceitunas frasco 400 g"],"general_information":[],"ingredients":[],"ean":"8076809523677"},{"full_name":"BARILLA salsa napolitana frasco 400 g","name":"salsa napolitana frasco 400 g","brand":"BARILLA ","img":"https://sgfm.elcorteingles.es/SGFM/dctm/MEDIA02/CONTENIDOS/201505/27/00118038400372____1__600x600.jpg","price":"2,14 €","price_unit":"(5,35 € / Kilo)","categories":["Supermercado","Alimentación General","Salsas, ketchup y tomate frito","Salsa para pasta","BARILLA salsa napolitana frasco 400 g"],"general_information":["Denominación del alimento: SALSA DE TOMATE CON HIERBAS AROMÁTICAS","País de origen: Italia","Nombre del operador: Barilla G. e R. Fratelli","Dirección del operador: Via Mantova 166, Parma - Italy","Cantidad Neta: 400 g"],"ingredients":[" Pulpa de tomate 66%, concentrado de tomate 10%, cebolla 7%, agua, zanahoria 3,5%, aceite de girasol, azúcar, sal, ajo 0,5%, tomillo 0,4%, cebollino 0,2%, perejil 0,2%, aroma natural, pimienta negra 0,01%."],"conservation":" Una vez abierto, guárdese en el frigorífico 5 días como máximo.","ean":"8076809513692"},{"full_name":"BARILLA salsa Pomodoro e Ricotta frasco 400 g","name":"salsa Pomodoro e Ricotta frasco 400 g","brand":"BARILLA ","img":"https://sgfm.elcorteingles.es/SGFM/dctm/MEDIA02/CONTENIDOS/201505/26/00118038400471____1__600x600.jpg","price":"2,14 €","price_unit":"(5,35 € / Kilo)","categories":["Supermercado","Alimentación General","Salsas, ketchup y tomate frito","Salsa para pasta","BARILLA salsa Pomodoro e Ricotta frasco 400 g"],"general_information":["Denominación del alimento: SALSA DE TOMATE Y QUESO RICOTTA","País de origen: Italia","Nombre del operador: Barilla G. e R. Fratelli","Dirección del operador: Via Mantova 166, Parma - Italy","Cantidad Neta: 400 g"],"ingredients":[" Pulpa de tomate 58%, QUESO Ricotta 12% (suero de LECHE, NATA), concentrado de tomate 8%, cebolla, agua, aceite de girasol, QUESO Grana Pandano D.O.P. (lisozima de HUEVO), QUESO Pecorino Romano D.O.P., sal, perejil, aroma natural, azúcar, almidón de arroz."],"conservation":" Una vez abierto, guárdese en el frigorífico 5 días como máximo.","ean":"8076809521543"},{"full_name":"GALLO salsa basílico ideal pasta y pizza frasco 400 g","name":"salsa basílico ideal pasta y pizza frasco 400 g","brand":"GALLO ","img":"https://sgfm.elcorteingles.es/SGFM/dctm/MEDIA03/201710/10/00118038401719____1__600x600.jpg","price":"1,76 €","price_unit":"(4,40 € / Kilo)","categories":["Supermercado","Alimentación General","Salsas, ketchup y tomate frito","Salsa para pasta","GALLO salsa basílico ideal pasta y pizza frasco 400 g"],"general_information":["Denominación del alimento: SALSA PASTEURIZADA A BASE DE TOMATE CON ALBAHACA","País de origen: España","Nombre del operador: COMERCIAL GALLO, S.A.U.","Dirección del operador: Avda Diagonal 468, 4-C. Barcelona. España","Cantidad Neta: 400 g"],"ingredients":[" Puré de tomates frescos(84%), verduras frescas (7,5%) (cebollas frescas y zanahorias frescas), aceite de girasol, albahaca (2,2%), azúcar, sal, aromas y ajo."],"conservation":" Una vez abierto el envase, conservar tapado en el frigorífico y consumir durante los 3 días siguientes.","ean":"8410069014917"},{"full_name":"BARILLA salsa pesto alla genovese frasco 190 g","name":"salsa pesto alla genovese frasco 190 g","brand":"BARILLA ","img":"https://sgfm.elcorteingles.es/SGFM/dctm/MEDIA02/CONTENIDOS/201408/20/00118038400414____1__600x600.jpg","price":"1,94 €","price_unit":"(10,21 € / Kilo)","categories":["Supermercado","Alimentación General","Salsas, ketchup y tomate frito","Salsa para pasta","BARILLA salsa pesto alla genovese frasco 190 g"],"general_information":["Denominación del alimento: SALSA PESTO DE ALBAHACA","País de origen: Italia","Nombre del operador: Barilla G. e R. Fratelli","Dirección del operador: Via Mantova 166, Parma - Italy","Cantidad Neta: 190 g"],"ingredients":[" Albahaca 30%, aceite de girasol 44,5%, , ANACARDOS, QUESO Grana Padano DOP 4,5% (lisozina de HUEVO), SUERO DE LECHE en polvo, sal, QUESO Pecorino Romano DOP 1,2%, azúcar, aceite de oliva virgen extra 1%, extracto de albahaca, aromas naturales (leche), ajo, suero de mantequilla en polvo (leche), corrector de acidez : ácido láctico. Puede contener trazas de otros FRUTOS DE CÁSCARA."],"conservation":" Una vez abierto, guárdese en el frigorífico 5 días como máximo.","ean":"8076809513753"},{"full_name":"BARILLA salsa arrabbiata frasco 400 g","name":"salsa arrabbiata frasco 400 g","brand":"BARILLA ","img":"https://sgfm.elcorteingles.es/SGFM/01/02/4/0118038401024/0118038401024000g01011.jpg","price":"2,14 €","price_unit":"(5,35 € / Kilo)","categories":["Supermercado","Alimentación General","Salsas, ketchup y tomate frito","Salsa para pasta","BARILLA salsa arrabbiata frasco 400 g"],"general_information":["Denominación del alimento: SALSA DE TOMATE CON GUINDILLA","País de origen: Italia","Nombre del operador: Barilla G. e R. Fratelli","Dirección del operador: Via Mantova 166, Parma - Italy","Cantidad Neta: 400 g"],"ingredients":[" Pulpa de tomate 82%, concentrado de tomate 7,9%, cebolla 7%, aceite de girasol, pimientos rojos, ajo, sal, perejil, azúcar, guindilla 0,1%."],"conservation":" Una vez abierto, guárdese en el frigorífico 5 días como máximo.","ean":"8076809513388"},{"full_name":"BUITONI salsa boloñesa frasco 400 g","name":"salsa boloñesa frasco 400 g","brand":"BUITONI ","img":"https://sgfm.elcorteingles.es/SGFM/00/49/7/0118038400497/0118038400497000g01011.jpg","price":"2,39 €","price_unit":"(5,98 € / Kilo)","categories":["Supermercado","Alimentación General","Salsas, ketchup y tomate frito","Salsa para pasta","BUITONI salsa boloñesa frasco 400 g"],"general_information":["Denominación del alimento: Salsa boloñesa","Nombre del operador: Nestlé España, S.A.","Dirección del operador: Nestlé España, S.A. Edificio Nestlé, 08950 Esplugues de Llobregat (Barcelona).","Cantidad Neta: 400 g"],"ingredients":[" Tomate (42,0 %), carne de vacuno (15,9 %), cebolla, concentrado de tomate, agua, zanahoria, azúcar, almidón modificado de maíz, sal, aceite de girasol, corrector de acidez (ácido cítrico), ajo en polvo, perejil, laurel."],"conservation":" Una vez abierto, mantener en el frigorífico un máximo de 7 días","ean":"8410100064727"},{"full_name":"BUITONI salsa napoletana frasco 400 g","name":"salsa napoletana frasco 400 g","brand":"BUITONI ","img":"https://sgfm.elcorteingles.es/SGFM/dctm/MEDIA02/CONTENIDOS/201410/02/00118038401206____1__600x600.jpg","price":"1,57 €","price_unit":"(3,92 € / Kilo)","categories":["Supermercado","Alimentación General","Salsas, ketchup y tomate frito","Salsa para pasta","BUITONI salsa napoletana frasco 400 g"],"general_information":["Denominación del alimento: Salsa de tomate con hortalizas","Nombre del operador: Nestlé España, S.A.","Dirección del operador: Avinguda Països Catalans, 51 - 08950 Esplugues de Llobregat (Barcelona)","Cantidad Neta: 400 g"],"ingredients":[" Tomate (65%), concentrado de tomate (16.8%), vegetales (11.8%)(cebolla, zanahoria), aceite de girasol, sal azúcar, almidón modificado de maíz, aromas naturales."],"conservation":" Una vez abierto, mantener en el frigorífico","ean":"8413000064781"},{"full_name":"GIOVANNI RANA salsa pesto de albahaca envase 140 g","name":"salsa pesto de albahaca envase 140 g","brand":"GIOVANNI RANA ","img":"https://sgfm.elcorteingles.es/SGFM/dctm/MEDIA02/CONTENIDOS/201504/27/00118850600927____1__600x600.jpg","price":"2,41 €","price_unit":"(17,21 € / Kilo)","categories":["Supermercado","Alimentación General","Salsas, ketchup y tomate frito","Salsa para pasta","GIOVANNI RANA salsa pesto de albahaca envase 140 g"],"general_information":["Denominación del alimento: Pesto de albahaca","País de origen: Italia","Nombre del operador: Rana Hispania sau","Dirección del operador: Avda Hermanos Bou 31, 12003 Castellon de la plana","Cantidad Neta: 140 g","Número de raciones por envase: 3"],"ingredients":[" ingredientes: nata, aceite de oliva virgen extra 18.5%, albahaca 14.5%, queso rallado 10%, aceite de semillas de girasol 8%, queso mascarpone, suero de leche en polvo, piñones 4%, mantequilla, lactosa, sal, aromas naturales (contiene leche y gluten), ajo, leche desnatada en polvo, almidón, acidulante: ácido láctico, antioxidante: ácido ascórbico. Producidos en una fábrica que también utiliza frutos de cascara, apio, huevos, crustáceos, pescado, gluten y moluscos."],"conservation":" Producto envasado en atmosfera protectora. Conservar en frigorifico a +4/6 grados centigrados. Una vez abierto consumir en tres días","ean":"8001665124133"},{"full_name":"GIOVANNI RANA salsa de setas y boletus fresca envase 180 g","name":"salsa de setas y boletus fresca envase 180 g","brand":"GIOVANNI RANA ","img":"https://sgfm.elcorteingles.es/SGFM/dctm/MEDIA02/CONTENIDOS/201504/27/00118850600943____1__600x600.jpg","price":"2,79 €","price_unit":"(15,50 € / Kilo)","categories":["Supermercado","Alimentación General","Salsas, ketchup y tomate frito","Salsa para pasta","GIOVANNI RANA salsa de setas y boletus fresca envase 180 g"],"general_information":["Denominación del alimento: Setas y boletus","País de origen: Italia","Nombre del operador: Rana Hispania sau","Dirección del operador: Avda Hermanos Bou 31, 12003 Castellon de la plana","Cantidad Neta: 180 g","Número de raciones por envase: 3"],"ingredients":[" Ingredientes: Champiñones (agaricus bisporus) 22%, setas boletus (boletus edulis y de su grupo) 17%, nata, cebolla, agua, aceite de semillas de girasol, mantequilla, vino blanco, queso rallado, almidón, aromas naturales (contienen gluten), sal, perejil 0.5%, extracto de levadura, ajo, leche desnatada en polvo. Producidos en una fábrica que también utiliza frutos de cáscara, apio, huevos, pescado, crustaceos, gluten y moluscos."],"conservation":" Producto envasado en atmosfera protectora. Conservar en frigorifico a +4/6 grados centigrados. Una vez abierto consumir en tres días","ean":"8001665124164"},{"full_name":"GIOVANNI RANA salsa fresca de quesos italianos envase 180 g","name":"salsa fresca de quesos italianos envase 180 g","brand":"GIOVANNI RANA ","img":"https://sgfm.elcorteingles.es/SGFM/dctm/MEDIA02/CONTENIDOS/201504/27/00118850600950____1__600x600.jpg","price":"2,41 €","price_unit":"(13,39 € / Kilo)","categories":["Supermercado","Alimentación General","Salsas, ketchup y tomate frito","Salsa para pasta","GIOVANNI RANA salsa fresca de quesos italianos envase 180 g"],"general_information":["Denominación del alimento: Quesos italianos","País de origen: Italia","Nombre del operador: Rana Hispania sau","Dirección del operador: Avda Hermanos Bou 31, 12003 Castellon de la plana","Cantidad Neta: 180 g","Número de raciones por envase: 3"],"ingredients":[" Ingredientes: nata, agua, queso mascarpone 4%, almidón, queso gorgonzola 2%, queso pecorino 2%, aromas naturales (contienen gluten y leche), queso Parmigiano Reggiano DOP 0.5%, sal, extracto de levadura. Producidos  en una fábrica que también utiliza frutos de cáscara, apio, huevos, crustaceos, pescado, gluten y moluscos)"],"conservation":" Producto envasado en atmosfera protectora. Conservar en frigorifico a +4/6 grados centigrados. Una vez abierto consumir en tres días","ean":"8001665702386"},{"full_name":"GIOVANNI RANA salsa fresca de tomate y mascarpone envase 180 g","name":"salsa fresca de tomate y mascarpone envase 180 g","brand":"GIOVANNI RANA ","img":"https://sgfm.elcorteingles.es/SGFM/dctm/MEDIA02/CONTENIDOS/201504/27/00118850601362____1__600x600.jpg","price":"2,41 €","price_unit":"(17,21 € / Kilo)","categories":["Supermercado","Alimentación General","Salsas, ketchup y tomate frito","Salsa para pasta","GIOVANNI RANA salsa fresca de tomate y mascarpone envase 180 g"],"general_information":["Denominación del alimento: Tomate y mascarpone","País de origen: Italia","Nombre del operador: Rana Hispania sau","Dirección del operador: Avda Hermanos Bou 31, 12003 Castellon de la plana","Cantidad Neta: 180 g","Número de raciones por envase: 3"],"ingredients":[" ingredientes: pulpa de tomate 44.5%, puré de tomate 18%, nata, agua, cebolla, zanahoria, aceite de oliva virgen extra, queso mascarpone 2%, leche desnatada en polvo, tomate concentrado 1.5%, azúcar, tomates secos 1%, sal, almidón, oregano 0.4%, aromas naturales (contienem gluten y leche), ajo. Producidos en una fábrica que también utiliza frutos de cáscara, apio, huevos, crustáceos, pescado, gluten y moluscos."],"conservation":" Producto envasado en atmosfera protectora. Conservar en frigorifico a +4/6 grados centigrados. Una vez abierto consumir en tres días","ean":"8001665702379"},{"full_name":"GIOVANNI RANA salsa de gorgonzola y nueces envase 180 g","name":"salsa de gorgonzola y nueces envase 180 g","brand":"GIOVANNI RANA ","img":"https://sgfm.elcorteingles.es/SGFM/dctm/MEDIA03/201706/16/00118850601453____7__600x600.jpg","price":"2,79 €","price_unit":"(15,50 € / Kilo)","categories":["Supermercado","Alimentación General","Salsas, ketchup y tomate frito","Salsa para pasta","GIOVANNI RANA salsa de gorgonzola y nueces envase 180 g"],"general_information":["Denominación del alimento: Gorgonzola y nueces","País de origen: Italia","Nombre del operador: Rana Hispania sau","Dirección del operador: Avda Hermanos Bou 31, 12003 Castellon de la plana","Cantidad Neta: 180 g","Número de raciones por envase: 2"],"ingredients":[" ingredientes: nata, agua, queso gorgonzola 20%, nueces 6%, aromas naturales(contiene gluten, y leche), almidon, leche desnatada en polvo, sal. Producidos en una fábrica que también utiliza frutos de cáscara, apio, huevos, crustáceos, pescado, gluten y moluscos."],"conservation":" Producto envasado en atmosfera protectora. Conservar en frigorifico a +4/6 grados centigrados. Una vez abierto consumir en tres días","ean":"8001665703819"},{"full_name":"GALLO salsa fresca de parmesano y pera envase 140 g","name":"salsa fresca de parmesano y pera envase 140 g","brand":"GALLO ","img":"https://sgfm.elcorteingles.es/SGFM/dctm/MEDIA02/CONTENIDOS/201503/17/00118850601297____1__600x600.jpg","price":"2,39 €","price_unit":"(17,07 € / Kilo)","categories":["Supermercado","Alimentación General","Salsas, ketchup y tomate frito","Salsa para pasta","GALLO salsa fresca de parmesano y pera envase 140 g"],"general_information":["Denominación del alimento: SALSA FRESCA CON QUESO PARMESANO Y PERA","País de origen: España","Nombre del operador: COMERCIAL GALLO, S.A.U.","Dirección del operador: Avda Diagonal 468, 4-C. Barcelona. España","Cantidad Neta: 140 g"],"ingredients":[" Nata ligera, agua, queso Parmesano 10%, pera 10%, queso fundido (queso, almidón modificado de patata, agua, suero de leche, proteínas de leche, sales de fundido: citrato de sodio), mantequilla, almidón modificado de tapioca, sal, aromas (contiene gluten), conservador: sorbato potásico, antioxidantes: ácido ascórbico, ácido cítrico. Puede contener trazas de huevo y frutos secos."],"conservation":" Conservar en el frigorífico entre 2º y 4ºC.","ean":"8410069012319"},{"full_name":"GALLO salsa fresca de trufa envase 140 g","name":"salsa fresca de trufa envase 140 g","brand":"GALLO ","img":"https://sgfm.elcorteingles.es/SGFM//01/30/5/0118850601305/0118850601305000g01011.jpg","price":"2,30 €","price_unit":"(16,43 € / Kilo)","categories":["Supermercado","Alimentación General","Salsas, ketchup y tomate frito","Salsa para pasta","GALLO salsa fresca de trufa envase 140 g"],"general_information":["Denominación del alimento: SALSA FRESCA CON PREPARADO DE TRUFA","País de origen: España","Nombre del operador: COMERCIAL GALLO, S.A.U.","Dirección del operador: Avda Diagonal 468, 4-C. Barcelona. España","Cantidad Neta: 140 g"],"ingredients":[" Agua, nata ligera, queso Emmental, queso fundido (queso, almidón modificado de patata, agua, suero de leche, proteínas de leche, sales de fundido: citrato de sodio), suero de leche en polvo, champiñones (Agaricus bisporus), aceite de girasol, sal, almidón modificado de tapioca, Trufa de verano 0,3% (Tuber aestivum), aceitunas negras, ajo, perejil, pimienta negra, conservador: sorbato potásico, corrector de acidez: ácido cítrico, aroma. Puede contener trazas de huevo, gluten y frutos secos."],"conservation":" Conservar en el frigorífico entre 2º y 4ºC.","ean":"8410069012326"},{"full_name":"GALLO salsa de tomate receta artesana idela para pasta, arroz y pizza frasco 400 g","name":"salsa de tomate receta artesana idela para pasta, arroz y pizza frasco 400 g","brand":"GALLO ","img":"https://sgfm.elcorteingles.es/SGFM/dctm/MEDIA03/201710/10/00118038401701____1__600x600.jpg","price":"1,63 €","price_unit":"(4,08 € / Kilo)","categories":["Supermercado","Alimentación General","Salsas, ketchup y tomate frito","Salsa para pasta","GALLO salsa de tomate receta artesana idela para pasta, arroz y pizza frasco 400 g"],"general_information":["Denominación del alimento: SALSA PASTEURIZADA A BASE DE TOMATE","País de origen: España","Nombre del operador: COMERCIAL GALLO, S.A.U.","Dirección del operador: Avda Diagonal 468, 4-C. Barcelona. España","Cantidad Neta: 400 g"],"ingredients":[" Puré de tomates frescos (85%), aceite de oliva (10%), azúcar y sal."],"conservation":" Una vez abierto el envase, conservar tapado en el frigorífico y consumir durante los 3 días siguientes.","ean":"8410069014900"},{"full_name":"GALLO salsa super boloñesa frasco 400 g","name":"salsa super boloñesa frasco 400 g","brand":"GALLO ","img":"https://sgfm.elcorteingles.es/SGFM/dctm/MEDIA02/CONTENIDOS/201511/03/00118038401511____1__600x600.jpg","price":"1,82 €","categories":["Supermercado","Alimentación General","Salsas, ketchup y tomate frito","Salsa para pasta","GALLO salsa super boloñesa frasco 400 g"],"general_information":["Denominación del alimento: SALSA PASTEURIZADA A BASE DE TOMATE CON CARNE","País de origen: España","Nombre del operador: COMERCIAL GALLO, S.A.U.","Dirección del operador: Avda Diagonal 468, 4-C. Barcelona. España","Cantidad Neta: 400 g"],"ingredients":[" Pulpa de tomate y concentrado de tomate (45%), carne de cerdo y de vacuno (25%), agua, zanahoria (7%), cebolla (5%), aceite de girasol, azúcar, sal, panceta de cerdo (1%), almidón modificado de maíz, corrector de la acidez: ácido láctico, aroma, plantas aromáticas y especias."],"conservation":" Una vez abierto el envase, conservar tapado en el frigorífico y consumir durante los 3 días siguientes.","ean":"8410069014894"},{"full_name":"GALLO salsa tomate a la parmesana frasco 400 g","name":"salsa tomate a la parmesana frasco 400 g","brand":"GALLO ","img":"https://sgfm.elcorteingles.es/SGFM/dctm/MEDIA02/CONTENIDOS/201511/03/00118038401529____1__600x600.jpg","price":"1,79 €","categories":["Supermercado","Alimentación General","Salsas, ketchup y tomate frito","Salsa para pasta","GALLO salsa tomate a la parmesana frasco 400 g"],"general_information":["Denominación del alimento: SALSA PASTEURIZADA A BASE DE TOMATE CON QUESO","País de origen: España","Nombre del operador: COMERCIAL GALLO, S.A.U.","Dirección del operador: Avda Diagonal 468, 4-C. Barcelona. España","Cantidad Neta: 400 g"],"ingredients":[" Pulpa de tomate y concentrado de tomate (61%), agua, ricotta (3,5%) (suero de la leche, crema de leche, sal, regulador de acidez: ácido cítrico), cebolla (2%), quesos (2,5%) (Grana Padano (1,5%) (contiene huevo), Parmigiano Reggiano (1%)), azúcar, aceite de girasol, almidón de maíz modificado, sal, aromas (leche), corrector de la acidez: ácido láctico, especias."],"conservation":" Una vez abierto el envase, conservar tapado en el frigorífico y consumir durante los 3 días siguientes.","ean":"8410069014931"},{"full_name":"GALLO salsa pesto frasco 190 g","name":"salsa pesto frasco 190 g","brand":"GALLO ","img":"https://sgfm.elcorteingles.es/SGFM/dctm/MEDIA02/CONTENIDOS/201509/17/00118038401453____1__600x600.jpg","price":"1,66 €","price_unit":"(8,74 € / Kilo)","categories":["Supermercado","Alimentación General","Salsas, ketchup y tomate frito","Salsa para pasta","GALLO salsa pesto frasco 190 g"],"general_information":["Denominación del alimento: SALSA A BASE DE ALBAHACA PICADA Y MEZCLADA CON ACEITE, QUESOS, ANACARDOS Y PIÑONES","País de origen: España","Nombre del operador: COMERCIAL GALLO, S.A.U.","Dirección del operador: Avda Diagonal 468, 4-C. Barcelona. España","Cantidad Neta: 190 g"],"ingredients":[" Aceite de girasol (34%), albahaca (29%), patatas, jarabe de glucosa, anacardos (6,8%), queso grana padano (4,5%) (contiene proteínas de huevo), queso pecorino (4,5%), sal, aceite de oliva extra virgen (1%), piñones (1%), corrector de acidez: ácido láctico y ajo"],"conservation":" Una vez abierto el envase, conservar tapado en el frigorífico y consumir durante los 3 días siguientes.","ean":"8410069014382"},{"full_name":"GALLO salsa napolitana frasco 400 g neto escurrido","name":"salsa napolitana frasco 400 g neto escurrido","brand":"GALLO ","img":"https://sgfm.elcorteingles.es/SGFM/dctm/MEDIA02/CONTENIDOS/201511/03/00118038401503____1__600x600.jpg","price":"1,73 €","categories":["Supermercado","Alimentación General","Salsas, ketchup y tomate frito","Salsa para pasta","GALLO salsa napolitana frasco 400 g neto escurrido"],"general_information":["Denominación del alimento: SALSA PASTEURIZADA A BASE DE TOMATE CON HORTALIZAS","País de origen: España","Nombre del operador: COMERCIAL GALLO, S.A.U.","Dirección del operador: Avda Diagonal 468, 4-C. Barcelona. España","Cantidad Neta: 400 g"],"ingredients":[" Puré de tomates frescos y concentrado doble de tomate (69%), cebolla (10%), zanahoria (8%), aceite de girasol, apio (2%), sal, azúcar, plantas aromáticas, almidón modificado de patata, potenciador de sabor: glutamato mono sódico, especias."],"conservation":" Una vez abierto el envase, conservar tapado en el frigorífico y consumir durante los 3 días siguientes.","ean":"8410069014887"},{"full_name":"GALLO salsa boloñesa frasco 400 g neto escurrido","name":"salsa boloñesa frasco 400 g neto escurrido","brand":"GALLO ","img":"https://sgfm.elcorteingles.es/SGFM/dctm/MEDIA02/CONTENIDOS/201511/03/00118038401495____1__600x600.jpg","price":"1,73 €","categories":["Supermercado","Alimentación General","Salsas, ketchup y tomate frito","Salsa para pasta","GALLO salsa boloñesa frasco 400 g neto escurrido"],"general_information":["Denominación del alimento: SALSA PASTEURIZADA A BASE DE TOMATE CON CARNE","País de origen: España","Nombre del operador: COMERCIAL GALLO, S.A.U.","Dirección del operador: Avda Diagonal 468, 4-C. Barcelona. España","Cantidad Neta: 400 g"],"ingredients":[" Pulpa de tomate y concentrado de tomate (43%), agua, carne de cerdo y de vacuno (16%), zanahoria (7%), cebolla (5%), aceite de girasol, sal, azúcar, almidón modificado de maíz, panceta de cerdo (1%), aroma, corrector de la acidez: ácido láctico, plantas aromáticas y especias."],"conservation":" Una vez abierto el envase, conservar tapado en el frigorífico y consumir durante los 3 días siguientes.","ean":"8410069014870"},{"full_name":"KNORR salsa carbonara envase 300 g","name":"salsa carbonara envase 300 g","brand":"KNORR ","img":"https://sgfm.elcorteingles.es/SGFM/01/19/8/0118038401198/0118038401198000g01011.jpg","price":"2,55 €","price_unit":"(8,50 € / Kilo)","categories":["Supermercado","Alimentación General","Salsas, ketchup y tomate frito","Salsa para pasta","KNORR salsa carbonara envase 300 g"],"general_information":["Denominación del alimento: Salsa Carbonara","País de origen: Francia","Nombre del operador: Unilever","Dirección del operador: 900 812 511","Cantidad Neta: 300 Mililitros"],"ingredients":[" Agua, bacon (10%) (panceta de cerdo, sal, pimienta, humo), nata (6%), aceite y grasa vegetales, almidón modificado de maíz, queso (1,1%), almidón de patata, sal, cebollas (0,6%), emulgente (E472e), azúcar, extracto de levadura, especias (ajo, nuez moscada, pimienta blanca, perejil, turmérico), estabilizantes (E415, E412), yema de huevo en polvo, zumo de zanahoria concentrado, corrector de la acidez (E500), aromas. $Puede contener apio y gluten.$"],"ean":"8413800084569"},{"full_name":"KNORR salsa boloñesa frasco 400 g","name":"salsa boloñesa frasco 400 g","brand":"KNORR ","img":"https://sgfm.elcorteingles.es/SGFM/dctm/MEDIA03/201606/22/00118038401321____4__600x600.jpg","price":"1,84 €","price_unit":"(4,60 € / Kilo)","categories":["Supermercado","Alimentación General","Salsas, ketchup y tomate frito","Salsa para pasta","KNORR salsa boloñesa frasco 400 g"],"general_information":["Denominación del alimento: Salsa boloñesa con 1,4% de aceite de oliva virgen extra","País de origen: Países Bajos","Nombre del operador: Unilever","Dirección del operador: Unilever España, S.AC/ Tecnología 19,08840 Viladecans (Barcelona) SERVICIO DE ATENCIÓN AL CONSUMIDOR 900 812 511","Cantidad Neta: 400 g"],"ingredients":[" Puré de tomate* (44.7%), agua, pasta de tomate* (15,4%), carne (9,2%) (vacuno (80%), cerdo), hortalizas (2,7%) (zanahoria, cebolla, raíz de APIO), azúcar, aceite de oliva  virgen extra (1,4%), harina de TRIGO, sal, zumo concentrado de limón, especias, zumo concentrado de zanahoria, extracto de carne, acidulante (acido cítrico).  Puede contener mostaza y sésamo.* Cultivados de forma sostenible."],"conservation":"Modo de empleo: Calentar la salsa a fuego lento o en el microondas y verter sobre la pasta caliente.","ean":"8712100660856"},{"full_name":"KNORR salsa pesto frasco 185 g","name":"salsa pesto frasco 185 g","brand":"KNORR ","img":"https://sgfm.elcorteingles.es/SGFM/dctm/MEDIA02/CONTENIDOS/201502/03/00118038401404____1__600x600.jpg","price":"1,93 €","price_unit":"(10,43 € / Kilo)","categories":["Supermercado","Alimentación General","Salsas, ketchup y tomate frito","Salsa para pasta","KNORR salsa pesto frasco 185 g"],"general_information":["Denominación del alimento: Salsa Pesto","País de origen: Italia","Nombre del operador: Unilever","Dirección del operador: Unilever Espana, S.A C/ Tecnología 19,08840 Viladecans (Barcelona) SERVICIO DE ATENCIÓN AL CONSUMIDOR 900 812 511","Cantidad Neta: 185 g","Número de raciones por envase: 4"],"ingredients":[" Albahaca (46%), aceite de girasol, quesos (7%) (QUESO Grana Padano D.O.P. (contiene lisozima de HUEVO), QUESO Pecorino Romano D.O.P.), ANACARDOS (6,5%), proteínas de la LECHE, sal, aceite de oliva virgen extra (2%), jarabe de glucosa, azúcar, copos de patata, aromas (contiene LACTOSA y LECHE), ajo, piñones (0,5%), acidulante (ácido láctico). Puede contener otros frutos secos."],"conservation":" Conservar en lugar fresco y seco. Una vez abierto conservar en el frigorífico y consumir antes de 14 días.","ean":"8712100687075"},{"full_name":"GAROFALO salsa parmesana frasco 420 g","name":"salsa parmesana frasco 420 g","brand":"GAROFALO ","img":"https://sgfm.elcorteingles.es/SGFM/dctm/MEDIA03/201611/11/00118038401578____1__600x600.jpg","price":"3,58 €","price_unit":"(8,52 € / Kilo)","categories":["Supermercado","Alimentación General","Salsas, ketchup y tomate frito","Salsa para pasta","GAROFALO salsa parmesana frasco 420 g"],"general_information":["Denominación del alimento: Salsa Parmigiana","Nombre del operador: Herba Ricemills. S.L.U.","Dirección del operador: C/ Real. 43 - 41920 San Juan de Aznalfarache (Sevilla)","Cantidad Neta: 420 g"],"ingredients":[" Tomate 92% (puré en cubitos, zumo), QUESO, Parmigiano Regigiano DOP 4% (LECHE), almidón de maiz, sal, aceite de semilla de girasol, azucar, perejil, aceite de oliva virgen extra, regulador de acidez: ácido láctico. Ajo en polvo, condimento."],"conservation":" Refrigerar una vez abierto y consumir preferentemente en dos semanas.","ean":"8000139927867"},{"full_name":"GAROFALO salsa napolitana frasco 420 g","name":"salsa napolitana frasco 420 g","brand":"GAROFALO ","img":"https://sgfm.elcorteingles.es/SGFM/dctm/MEDIA03/201611/11/00118038401586____1__600x600.jpg","price":"3,58 €","price_unit":"(8,52 € / Kilo)","categories":["Supermercado","Alimentación General","Salsas, ketchup y tomate frito","Salsa para pasta","GAROFALO salsa napolitana frasco 420 g"],"general_information":["Denominación del alimento: Salsa a la Napoletana","Nombre del operador: Herba Ricemills. S.L.U.","Dirección del operador: C/ Real. 43 - 41920 San Juan de Aznalfarache (Sevilla)","Cantidad Neta: 420 g"],"ingredients":[" Tomate 64% (en cubos, pasta jugo), aceite de semilla de girasol, vino tinta, cebolla, zanahoria, aceite virgen extra de oliva, APIO, ajo, sal, fructosa, almidón de maiz modificado, albahaca, pimienta negra, romero, hoja de laurel, regulador de la acidez, ácido láctico"],"conservation":" Refrigerar una vez abierto y consumir preferentemente en dos semanas.","ean":"8000139927881"},{"full_name":"GAROFALO salsa boloñesa frasco 420 g","name":"salsa boloñesa frasco 420 g","brand":"GAROFALO ","img":"https://sgfm.elcorteingles.es/SGFM/dctm/MEDIA03/201704/10/00118038401628____1__600x600.jpg","price":"3,84 €","price_unit":"(9,14 € / Kilo)","categories":["Supermercado","Alimentación General","Salsas, ketchup y tomate frito","Salsa para pasta","GAROFALO salsa boloñesa frasco 420 g"],"general_information":["Denominación del alimento: Salsa Bolognese","Nombre del operador: Herba Ricemills. S.L.U.","Dirección del operador: C/ Real. 43 - 41920 San Juan de Aznalfarache (Sevilla)","Cantidad Neta: 420 g"],"ingredients":[" Puré de tomate 62% ,carne (ternera, cerdo) 18%, cebolla, zanahoria 4%, apio, aceite de semilla de girasol, aromas naturales, almidón de maiz modificado, azucar, sal, regulador de la acidez: ácido láctico, pimienta negra, romero, laurel."],"conservation":" Refrigerar una vez abierto y consumir preferentemente en dos semanas.","ean":"8000139928116"},{"full_name":"DE CECCO salsa pesto alla genovese frasco 200 g","name":"salsa pesto alla genovese frasco 200 g","brand":"DE CECCO ","img":"https://sgfm.elcorteingles.es/SGFM/01/12/3/0118038401123/0118038401123000g01011.jpg","price":"3,17 €","price_unit":"(15,85 € / Kilo)","categories":["Supermercado","Alimentación General","Salsas, ketchup y tomate frito","Salsa para pasta","DE CECCO salsa pesto alla genovese frasco 200 g"],"general_information":[],"ingredients":[],"ean":"8001250099198"},{"full_name":"IBSA Bio salsa de tomate de agricultura ecológica frasco 240 g","name":"Bio salsa de tomate de agricultura ecológica frasco 240 g","brand":"IBSA ","img":"https://sgfm.elcorteingles.es/SGFM//00/01/1/0200117800011/0200117800011000g01011.jpg","price":"1,89 €","price_unit":"(7,88 € / Kilo)","categories":["Supermercado","Alimentación General","Salsas, ketchup y tomate frito","Salsa para pasta","IBSA Bio salsa de tomate de agricultura ecológica frasco 240 g"],"general_information":["Denominación del alimento: Salsa de tomate","Nombre del operador: Industrias del Bierzo S.A","Dirección del operador: C/ San Roque, s/n 24549 Carracedelo (León) España","Cantidad Neta: 240 g","Otras menciones obligatorias en la etiqueta: Sin gluten. Agricultura ecológica."],"ingredients":[" Tomate, cebolla (5%), aceite oliva virgen extra (1.5%), azúcar de caña y sal. Procedentes de agricultura ecológica."],"conservation":" Una vez abierto conservar en el frigorífico máximo 5 días.","ean":"8412464101544"},{"full_name":"PONTI salsa pesto a la genovese frasco 190 g","name":"salsa pesto a la genovese frasco 190 g","brand":"PONTI ","img":"https://sgfm.elcorteingles.es/SGFM/dctm/MEDIA03/201710/31/00118038401685____1__600x600.jpg","price":"2,49 €            ","price_unit":"(10,26 € / Kilo)","categories":["Supermercado","Alimentación General","Salsas, ketchup y tomate frito","Salsa para pasta","PONTI salsa pesto a la genovese frasco 190 g"],"general_information":[],"ingredients":[],"ean":"8001010100508"},{"full_name":"PONTI salsa pesto rosso tarro 190 g","name":"salsa pesto rosso tarro 190 g","brand":"PONTI ","img":"https://sgfm.elcorteingles.es/SGFM/dctm/MEDIA03/201710/31/00118038401693____1__600x600.jpg","price":"2,49 €            ","price_unit":"(10,26 € / Kilo)","categories":["Supermercado","Alimentación General","Salsas, ketchup y tomate frito","Salsa para pasta","PONTI salsa pesto rosso tarro 190 g"],"general_information":[],"ingredients":[],"ean":"8001010100515"},{"full_name":"PONTI salsa boloñesa frasco 280 g","name":"salsa boloñesa frasco 280 g","brand":"PONTI ","img":"https://sgfm.elcorteingles.es/SGFM/dctm/MEDIA03/201606/22/00118038401487____2__600x600.jpg","price":"3,28 €            ","price_unit":"(6,96 € / Kilo)","categories":["Supermercado","Alimentación General","Salsas, ketchup y tomate frito","Salsa para pasta","PONTI salsa boloñesa frasco 280 g"],"general_information":["Denominación del alimento: Salsa a la Boloñesa","País de origen: Italia","Nombre del operador: Ponti S.p,A.","Dirección del operador: Via E. Ferrari 7- 28074 GHEMME (NO) - Italia","Cantidad Neta: 280 g"],"ingredients":[" pulpa de tomate 70%, carne de cerdo 15%, aceite de semillas de girasol, zanahorias, cebollas, apio, bacon, corrector de acidez: ácido láctico, sal, vino tinto, espesador: almidón de arroz, pimienta negra, pimiento."],"conservation":" Conservar en el frigorífico una vez abierto (máximo 3 días)","ean":"8001010086741"},{"full_name":"SANDRO DESII salsa boloñesa frasco 180 g","name":"salsa boloñesa frasco 180 g","brand":"SANDRO DESII ","img":"https://sgfm.elcorteingles.es/SGFM/00/18/2/0118038400182/0118038400182000g01011.jpg","price":"5,45 €","price_unit":"(30,28 € / Kilo)","categories":["Supermercado","Alimentación General","Salsas, ketchup y tomate frito","Salsa para pasta","SANDRO DESII salsa boloñesa frasco 180 g"],"general_information":["Denominación del alimento: Salsa Ragu a La Bolognesa","Nombre del operador: La Torinese S.L","Dirección del operador: Calle Manyans, 1, 08292, Esparreguera (Barcelona)","Cantidad Neta: 180 g"],"ingredients":[" Tomate italiano 40%, Carne italiana de vacuno 35%, vino Piemonte Barbera D.O.C., cebolla, aceite de oliva virgen extra, zanahoria, azúcar, sal, hierbas y ajo."],"conservation":" Conservar en lugar fresco y seco. Una vez abierto conservar la salsa refrigerada.","ean":"8426254105681"},{"full_name":"SANDRO DESII salsa de tomate fresco y albahaca frasco 180 g","name":"salsa de tomate fresco y albahaca frasco 180 g","brand":"SANDRO DESII ","img":"https://sgfm.elcorteingles.es/SGFM/00/16/6/0118038400166/0118038400166000g01011.jpg","price":"4,85 €","price_unit":"(26,94 € / Kilo)","categories":["Supermercado","Alimentación General","Salsas, ketchup y tomate frito","Salsa para pasta","SANDRO DESII salsa de tomate fresco y albahaca frasco 180 g"],"general_information":["Denominación del alimento: Salsa de Tomate Fresco y Albahaca","Nombre del operador: La Torinese S.L","Dirección del operador: Calle Manyans, 1, 08292, Esparreguera (Barcelona)","Cantidad Neta: 180 g"],"ingredients":[" Pulpa de Tomate 85%, aceite de oliva, albahaca 2%, cebolla, sal marina."],"conservation":" Conservar en lugar fresco y seco. Una vez abierto conservar la salsa refrigerada.","ean":"8426254105698"},{"full_name":"MOLI DE POMERI salsa romesco frasco 200 g","name":"salsa romesco frasco 200 g","brand":"MOLI DE POMERI ","img":"https://sgfm.elcorteingles.es/SGFM/dctm/MEDIA02/CONTENIDOS/201502/09/00118017600778____1__600x600.jpg","price":"3,26 €","price_unit":"(16,30 € / Kilo)","categories":["Supermercado","Alimentación General","Salsas, ketchup y tomate frito","Salsa para pasta","MOLI DE POMERI salsa romesco frasco 200 g"],"general_information":["Denominación del alimento: Salsa Romesco","Nombre del operador: Selfoods SAU","Dirección del operador: El Rebato s/n 08739 SUBIRATS (Barcelona)","Cantidad Neta: 185 g"],"ingredients":[" Aceite de Oliva (44%), tomate natural, frutos secos (almendras y avellanas) (13%), vinagre de Chardonnay, ajo, especias, Fibra y sal."],"conservation":" Es conveniente almacenar en lugar seco y resguardado de la luz solar. Una vez abierto recomendamos guardar en el frigorífico y consumir en un período no superior a 3 semanas.","ean":"8412766980144"},{"full_name":"HELIOS salsa de tomate con atún frasco 300 g","name":"salsa de tomate con atún frasco 300 g","brand":"HELIOS ","img":"https://sgfm.elcorteingles.es/SGFM/00/03/4/0118038400034/0118038400034000g01011.jpg","price":"1,87 €","price_unit":"(6,23 € / Kilo)","categories":["Supermercado","Alimentación General","Salsas, ketchup y tomate frito","Salsa para pasta","HELIOS salsa de tomate con atún frasco 300 g"],"general_information":["Denominación del alimento: Salsa de tomate con atún","Nombre del operador: DULCES Y CONSERVAS HELIOS S.A.","Dirección del operador: Carretera de Salamanca, nº44, 47195 Arroyo de la Encomienda","Cantidad Neta: 300 g"],"ingredients":[" Tomate, cebolla, atún (5%), aceite de girasol, zanahoria, pimiento, azúcar, almidón modificado, sal, acidulante: ácido cítrico y especias."],"conservation":" Conservese en lugar fresco y seco. Una vez abierto conservesé en el frigorifico","ean":"8410095010044"},{"full_name":"HELIOS salsa boloñesa frasco 300 g","name":"salsa boloñesa frasco 300 g","brand":"HELIOS ","img":"https://sgfm.elcorteingles.es/SGFM/00/56/2/0118038400562/0118038400562000g01011.jpg","price":"1,55 €","price_unit":"(5,17 € / Kilo)","categories":["Supermercado","Alimentación General","Salsas, ketchup y tomate frito","Salsa para pasta","HELIOS salsa boloñesa frasco 300 g"],"general_information":["Denominación del alimento: Salsa Boloñesa","Nombre del operador: DULCES Y CONSERVAS HELIOS S.A.","Dirección del operador: Carretera de Salamanca, nº44, 47195 Arroyo de la Encomienda","Cantidad Neta: 300 g"],"ingredients":[" Tomate, cebolla, carne de vaca (10%), aceite de girasol, zanahoria, pimiento, azúcar, almidón modificado, sal, acidulante: ácido cítrico y especias."],"conservation":" Conservese en lugar fresco y seco. Una vez abierto conservesé en el frigorifico","ean":"8410095010037"},{"full_name":"HIDA salsa boloñesa de chorizo estilo casero frasco 350 g","name":"salsa boloñesa de chorizo estilo casero frasco 350 g","brand":"HIDA ","img":"https://sgfm.elcorteingles.es/SGFM/dctm/MEDIA03/201704/06/00118038401594____1__600x600.jpg","price":"1,92 €","price_unit":"(5,49 € / Kilo)","categories":["Supermercado","Alimentación General","Salsas, ketchup y tomate frito","Salsa para pasta","HIDA salsa boloñesa de chorizo estilo casero frasco 350 g"],"general_information":["Denominación del alimento: Boloñesa de Chorizo","Nombre del operador: Hida Alimentación, S.A.","Dirección del operador: Pol. El Arreaque. Apdo. 70 -30.170 Mula (Murcia)-España.","Cantidad Neta: 350 g","Otras menciones obligatorias en la etiqueta: Sin gluten. No OGM's."],"ingredients":[" Tomate, chorizo (10%) (magro y panceta de cerdo, pimentón, sal y especias), aceite de oliva virgen extra, azúcar, sal y almidón de maiz."],"conservation":"Modo de empleo: Consumo directo o utilización del mismo como ingrediente o guarnición en la elaboración de otros platos.","ean":"8424523060334"},{"full_name":"HIDA salsa boloñesa de atún estilo casero frasco 350 g","name":"salsa boloñesa de atún estilo casero frasco 350 g","brand":"HIDA ","img":"https://sgfm.elcorteingles.es/SGFM/dctm/MEDIA03/201704/06/00118038401602____1__600x600.jpg","price":"1,89 €","price_unit":"(5,40 € / Kilo)","categories":["Supermercado","Alimentación General","Salsas, ketchup y tomate frito","Salsa para pasta","HIDA salsa boloñesa de atún estilo casero frasco 350 g"],"general_information":["Denominación del alimento: Boloñea de Atún","Nombre del operador: Hida Alimentación, S.A.","Dirección del operador: Pol. El Arreaque. Apdo. 70 -30.170 Mula (Murcia)-España.","Cantidad Neta: 350 g","Otras menciones obligatorias en la etiqueta: Sin gluten. No OGM's."],"ingredients":[" Tomate, pimiento, atún (8%) aceite de oliva virgen extra, cebolla, azúcar, almidón de maíz y sal."],"conservation":"Modo de empleo: Consumo directo o utilización del mismo como ingrediente o guarnición en la elaboración de otros platos.","ean":"8424523060327"},{"full_name":"HIDA salsa de tomate y albahaca frasco 350 g","name":"salsa de tomate y albahaca frasco 350 g","brand":"HIDA ","img":"https://sgfm.elcorteingles.es/SGFM/dctm/MEDIA03/201704/06/00118038401610____1__600x600.jpg","price":"1,62 €","price_unit":"(4,63 € / Kilo)","categories":["Supermercado","Alimentación General","Salsas, ketchup y tomate frito","Salsa para pasta","HIDA salsa de tomate y albahaca frasco 350 g"],"general_information":["Denominación del alimento: Salsa Tomate y Albahaca 'Basílico'","Nombre del operador: Hida Alimentación, S.A.","Dirección del operador: Pol. El Arreaque. Apdo. 70 -30.170 Mula (Murcia)-España.","Cantidad Neta: 350 g","Otras menciones obligatorias en la etiqueta: Sin gluten. No OGM's."],"ingredients":[" Tomate, aceite de oliva virgen extra, azúcar, almidón de maíz, sal, especias y albahaca (0,1%)"],"conservation":"Modo de empleo: Consumo directo o utilización del mismo como ingrediente o guarnición en la elaboración de otros platos.","ean":"8424523060341"},{"full_name":"BARILLA salsa pesto a la siciliana con ricota y nueces frasco 190 g","name":"salsa pesto a la siciliana con ricota y nueces frasco 190 g","brand":"BARILLA ","img":"https://sgfm.elcorteingles.es/SGFM/00/83/3/0200138400833/0200138400833000g01011.jpg","price":"2,52 €","price_unit":"(13,26 € / Kilo)","categories":["Supermercado","Alimentación General","Salsas, ketchup y tomate frito","Salsa para pasta","BARILLA salsa pesto a la siciliana con ricota y nueces frasco 190 g"],"general_information":["Denominación del alimento: SALSA PESTO CON QUESO RICOTTA, NUECES Y ANACARDOS","País de origen: Italia","Nombre del operador: Barilla G. e R. Fratelli","Dirección del operador: Via Mantova 166, Parma - Italy","Cantidad Neta: 190 g"],"ingredients":[" QUESO Ricotta (suero de LECHE, LECHE) 20%, pulpa de tomate, ANACARDOS 2,4%, tomate concentrado , NUECES 5%, albahaca 3,8%, QUESO Grana Padano DOP (lisozima de HUEVO), aceite de girasol, sal,  jarabe de glucosa, suero de LECHE en polvo, almidón de arroz, azúcar, corrector de acidez: ácido láctico, ajo, aroma natural (LECHE), suero de MANTEQUILLA en polvo (LECHE). Puede contener trazas de otros FRUTOS DE CÁSCARA."],"conservation":" Una vez abierto, guárdese en el frigorífico 5 días como máximo.","ean":"8076809517881"},{"full_name":"CUCINA ANTICA salsa arrabbiata frasco 200 g","name":"salsa arrabbiata frasco 200 g","brand":"CUCINA ANTICA ","img":"https://sgfm.elcorteingles.es/SGFM/dctm/MEDIA03/201609/02/00118038401545____1__600x600.jpg","price":"2,69 €","categories":["Supermercado","Alimentación General","Salsas, ketchup y tomate frito","Salsa para pasta","CUCINA ANTICA salsa arrabbiata frasco 200 g"],"general_information":[],"ingredients":[],"ean":"8002960150148"},{"full_name":"CUCINA ANTICA salsa pesto alla genovese frasco 190 g","name":"salsa pesto alla genovese frasco 190 g","brand":"CUCINA ANTICA ","img":"https://sgfm.elcorteingles.es/SGFM/dctm/MEDIA03/201703/31/00118038401537____1__600x600.jpg","price":"3,25 €","categories":["Supermercado","Alimentación General","Salsas, ketchup y tomate frito","Salsa para pasta","CUCINA ANTICA salsa pesto alla genovese frasco 190 g"],"general_information":[],"ingredients":[],"ean":"8002960502206"},{"full_name":"CUCINA ANTICA salsa a la carbonara frasco 200","name":"salsa a la carbonara frasco 200 ","brand":"CUCINA ANTICA ","img":"https://sgfm.elcorteingles.es/SGFM/dctm/MEDIA03/201703/31/00118038401552____1__600x600.jpg","price":"2,88 €","categories":["Supermercado","Alimentación General","Salsas, ketchup y tomate frito","Salsa para pasta","CUCINA ANTICA salsa a la carbonara frasco 200"],"general_information":[],"ingredients":[],"ean":"8002960150346"},{"full_name":"CUCINA ANTICA salsa Zingara frasco 200 g","name":"salsa Zingara frasco 200 g","brand":"CUCINA ANTICA ","img":"https://sgfm.elcorteingles.es/SGFM/dctm/MEDIA03/201703/31/00118038401560____1__600x600.jpg","price":"2,52 €","categories":["Supermercado","Alimentación General","Salsas, ketchup y tomate frito","Salsa para pasta","CUCINA ANTICA salsa Zingara frasco 200 g"],"general_information":[],"ingredients":[],"ean":"8002960021844"},{"full_name":"GAROFALO salsa pesto Genovese frasco 190 g","name":"salsa pesto Genovese frasco 190 g","brand":"GAROFALO ","img":"https://sgfm.elcorteingles.es/SGFM/dctm/MEDIA03/201704/05/00200138400924____1__600x600.jpg","price":"3,58 €","price_unit":"(18,84 € / Kilo)","categories":["Supermercado","Alimentación General","Salsas, ketchup y tomate frito","Salsa para pasta","GAROFALO salsa pesto Genovese frasco 190 g"],"general_information":["Denominación del alimento: Salsas de albahaca","Nombre del operador: Herba Ricemills. S.L.U.","Dirección del operador: C/ Real. 43 - 41920 San Juan de Aznalfarache (Sevilla)","Cantidad Neta: 190 g"],"ingredients":[" aceite de girasol. albahaca 37%. jarabe de glucosa. sal marina. patatas. aromas. anacardos. queso Grana padano DOP (con lisozima de huevo). queso Pecorino Romano DOP.fibra vegetal. regulador de acidez. ácido lacteo. ajo en polvo.y  piñones 0.02%"],"conservation":" Almacenar en lugar fresco y seco. Preservar de la luz solar. Una vez abierto. poner en la nevera y consumir preferentemente antes de las dos semanas.","ean":"8000139923760"},{"full_name":"MUTTI salsa para pizza aromatizada lata 400 g","name":"salsa para pizza aromatizada lata 400 g","brand":"MUTTI ","img":"https://sgfm.elcorteingles.es/SGFM/dctm/MEDIA03/201709/04/00118038401636____1__600x600.jpg","price":"1,49 €","price_unit":"(3,72 € / Kilo)","categories":["Supermercado","Alimentación General","Salsas, ketchup y tomate frito","Salsa para pasta","MUTTI salsa para pizza aromatizada lata 400 g"],"general_information":["Denominación del alimento: Tomate Pizza Sauce Aromatizzata","Nombre del operador: Garda Import, S.L.","Dirección del operador: C/ Joan Torruella i Urpina, 37 Nave 1 - 08758 Cervelló - Barcelona","Cantidad Neta: 400 g"],"ingredients":[" Tomate, sal, albahaca, orégano, cebolla, aromas naturales."],"conservation":" Temperatura ambiente (20 - 25°C)","ean":"8005110551215"},{"full_name":"EL CORTE INGLES salsa barbacoa envase 560 g","name":"salsa barbacoa envase 560 g","brand":"EL CORTE INGLES ","img":"https://sgfm.elcorteingles.es/SGFM/dctm/MEDIA03/201709/25/00118016600464____1__600x600.jpg","price":"1,51 €","price_unit":"(2,70 € / Kilo)","categories":["Supermercado","Alimentación General","Salsas, ketchup y tomate frito","Salsa para carne y fondue","EL CORTE INGLES salsa barbacoa envase 560 g"],"general_information":["Denominación del alimento: SALSA BARBACOA","Nombre del operador: Elaborado para El Corte Inglés por Aliminter S.A. C/Río Segura nº9 30562 Ceutí (Murcia) - España","Cantidad Neta: 560 g","Número de raciones por envase: 37"],"ingredients":[" Ingredientes: Tomate, azúcar, vinagre de alcohol, jarabe de glucosa y fructosa, almidón modificado de maíz, sal , colorante: e-150d,estabilizantes: E-412, E-410, E-407, mostaza, aroma, aroma de humo, conservadores: E-211, E-202"],"conservation":" Conervar en lugar fresco y seco alejado de la luz. Una vez abierto conservar en el frigorífico.","ean":"8433329075619"},{"full_name":"HEINZ salsa tres pimientas envase 220 ml","name":"salsa tres pimientas envase 220 ml","brand":"HEINZ ","img":"https://sgfm.elcorteingles.es/SGFM/dctm/MEDIA03/201606/22/00118016700025____1__600x600.jpg","price":"1,81 €","price_unit":"(8,23 € / Litro)","categories":["Supermercado","Alimentación General","Salsas, ketchup y tomate frito","Salsa para carne y fondue","HEINZ salsa tres pimientas envase 220 ml"],"general_information":["Denominación del alimento: Salsa cremosa de pimienta negra, blanca y verde","Nombre del operador: H.J. Heinz Foods Spain S.L.","Dirección del operador: Ctra. Rincón de Soto-Corello km 2,8. 26540 Alfaro (La Rioja)","Cantidad Neta: 220 Mililitros"],"ingredients":[" Aceite de girasol 40%, agua, vinagre de alcohol, azúcar, suero de leche en polvo, sal, almidón modificado, colorante (caramelo), salsa de soja (agua, habas de soja, trigo y sal), pimienta negra 0,5%, pimienta verde 0,2%, pimienta blanca 0,2%, extractos de hierbas y especias (contiene apio), aroma, espesante (goma xantana), corrector de acidez (ácido cítrico) y ajo en polvo. Contiene cereales que contienen gluten, derivados de la leche, soja y apio"],"conservation":" Una vez abierto conservar en frigorífico.","ean":"8715700417684"},{"full_name":"HEINZ salsa curry con mango envase 220 ml","name":"salsa curry con mango envase 220 ml","brand":"HEINZ ","img":"https://sgfm.elcorteingles.es/SGFM/dctm/MEDIA03/201606/27/00118016700462____2__600x600.jpg","price":"1,83 €","price_unit":"(8,32 € / Litro)","categories":["Supermercado","Alimentación General","Salsas, ketchup y tomate frito","Salsa para carne y fondue","HEINZ salsa curry con mango envase 220 ml"],"general_information":["Denominación del alimento: Salsa cremosa con curry y mango","Nombre del operador: H.J. Heinz Foods Spin S.L.","Dirección del operador: Ctra. Rincón de Soto-Corello km 2,8. 26540 Alfaro (La Rioja)","Cantidad Neta: 220 Mililitros"],"ingredients":[" Aceite de girasol 28%, agua, vinagre de alcohol, azúcar, suero de leche en polvo, mango 4%, cebolla, albaricoque, curry (contiene apio, mostaza), sal, almidón modificado, especia, acidulante (ácido cítrico), espesante (goma xantana), colorante (betacaroteno). Contiene lactosa, cilantro y apio."],"conservation":" Una vez abierto conservar en frigorífico.","ean":"8715700411354"},{"full_name":"HEINZ salsa barbacoa envase 480 ml","name":"salsa barbacoa envase 480 ml","brand":"HEINZ ","img":"https://sgfm.elcorteingles.es/SGFM/dctm/MEDIA02/CONTENIDOS/201506/17/00118016700694____1__600x600.jpg","price":"2,58 €","price_unit":"(5,38 € / Kilo)","categories":["Supermercado","Alimentación General","Salsas, ketchup y tomate frito","Salsa para carne y fondue","HEINZ salsa barbacoa envase 480 ml"],"general_information":["Denominación del alimento: Barbacoa Clásica","Nombre del operador: H.J. Heinz Foods Spain S.L.","Dirección del operador: Ctra. Rincón de Soto-Corella km 2,8. 26540 Alfaro (La Rioja)","Cantidad Neta: 400 Mililitros"],"ingredients":[" Puré de tomate, vinagre de alcohol, azúcar, melaza, agua, sal, especias, espesante: goma xantana, ajo, aroma de humo, aroma natural"],"conservation":" Una vez abierto conservar en frigorífico.","ean":"0000087157154"},{"full_name":"HEINZ salsa barbacoa envase 220 ml","name":"salsa barbacoa envase 220 ml","brand":"HEINZ ","img":"https://sgfm.elcorteingles.es/SGFM/00/07/6/0118016600076/0118016600076000g01011.jpg","price":"1,82 €","price_unit":"(8,27 € / Litro)","categories":["Supermercado","Alimentación General","Salsas, ketchup y tomate frito","Salsa para carne y fondue","HEINZ salsa barbacoa envase 220 ml"],"general_information":[],"ingredients":[],"ean":"0000071633305"},{"full_name":"HEINZ salsa barbacoa dulce envase 500 g","name":"salsa barbacoa dulce envase 500 g","brand":"HEINZ ","img":"https://sgfm.elcorteingles.es/SGFM/dctm/MEDIA03/201703/17/00118016700850____1__600x600.jpg","price":"2,91 €","price_unit":"(5,82 € / Kilo)","categories":["Supermercado","Alimentación General","Salsas, ketchup y tomate frito","Salsa para carne y fondue","HEINZ salsa barbacoa dulce envase 500 g"],"general_information":["Denominación del alimento: Barbacoa Dulce","Nombre del operador: H.J. Heinz Foods Spain S.L.","Dirección del operador: Ctra. Rincón de Soto-Corella km 2,8. 26540 Alfaro (La Rioja)","Cantidad Neta: 400 Mililitros"],"ingredients":[" Puré de tomate, vinagre de alcohol, sirope dorado (jarabe de azúcar invertido), azúcar, melaza, sal, especias, espesante (goma xantana), ajo, aroma de humo y aroma natural"],"conservation":" Una vez abierto conservar en frigorífico.","ean":"8410066127603"},{"full_name":"HUNTS salsa barbacoa original envase 510 g","name":"salsa barbacoa original envase 510 g","brand":"HUNTS ","img":"https://sgfm.elcorteingles.es/SGFM/00/37/3/0118016600373/0118016600373000g01011.jpg","price":"2,81 €","price_unit":"(5,51 € / Kilo)","categories":["Supermercado","Alimentación General","Salsas, ketchup y tomate frito","Salsa para carne y fondue","HUNTS salsa barbacoa original envase 510 g"],"general_information":["Denominación del alimento: Salsa barbacoa","País de origen: Estados Unidos","Nombre del operador: VELDIS, S.A.","Dirección del operador: Calle Puerto de Navacerrada, 59. 28935 Móstoles (Madrid)","Cantidad Neta: 510 g"],"ingredients":[" Zumo de tomate a partir de concentrado (agua y pasta de tomate), jarabe de glucosa, jarabe de glucosa y  fructosa, vinagre de alcohol, melazas, sal, salvado de mostaza, fibra de tomate, aromas naturales, aroma de humo, especias, pimentón, espesantes: goma guar, pectinas y goma garrofín, acidulante: ácido cítrico."],"conservation":" Una vez abierto, conservar en el frigorífico.","ean":"0027000609019"},{"full_name":"HUNTS salsa barbacoa miel mostaza envase 510 g","name":"salsa barbacoa miel mostaza envase 510 g","brand":"HUNTS ","img":"https://sgfm.elcorteingles.es/SGFM/00/38/1/0118016600381/0118016600381000g01011.jpg","price":"2,86 €","price_unit":"(5,61 € / Kilo)","categories":["Supermercado","Alimentación General","Salsas, ketchup y tomate frito","Salsa para carne y fondue","HUNTS salsa barbacoa miel mostaza envase 510 g"],"general_information":["Denominación del alimento: Salsa barbacoa con miel y mostaza","País de origen: Estados Unidos","Nombre del operador: VELDIS, S.A.","Dirección del operador: Calle Puerto de Navacerrada, 59. 28935 Móstoles (Madrid)","Cantidad Neta: 510 g"],"ingredients":[" Zumo de tomate a partir de concentrado (agua y pasta de tomate), jarabe de glucosa y fructosa, jarabe de glucosa, vinagre de alcohol, miel 2%, melazas, sal, semilla de mostaza 1%, salvado de mostaza, aromas naturales, aroma de humo, fibra de tomate, especias,  pimentón, espesantes: goma guar y goma garrofín, acidulante: ácido cítrico, vino."],"conservation":" Una vez abierto, conservar en el frigorífico","ean":"0027000609064"},{"full_name":"HUNTS salsa barbacoa hickory envase 510 g","name":"salsa barbacoa hickory envase 510 g","brand":"HUNTS ","img":"https://sgfm.elcorteingles.es/SGFM/00/39/9/0118016600399/0118016600399000g01011.jpg","price":"2,81 €","price_unit":"(5,51 € / Kilo)","categories":["Supermercado","Alimentación General","Salsas, ketchup y tomate frito","Salsa para carne y fondue","HUNTS salsa barbacoa hickory envase 510 g"],"general_information":["Denominación del alimento: Salsa barbacoa con azúcar moreno de caña","País de origen: Estados Unidos","Nombre del operador: VELDIS, S.A.","Dirección del operador: Calle Puerto de Navacerrada, 59. 28935 Móstoles (Madrid)","Cantidad Neta: 510 g"],"ingredients":[" Zumo de tomate a partir de concentrado (agua y pasta de tomate), azúcar moreno de caña 20% (azúcar, melazas), jarabe de glucosa y fructosa, jarabe de glucosa, vinagre de alcohol, agua, sal, aromas naturales, aroma de humo, salvado de mostaza, fibra de tomate, cebolla en polvo, especia, acidulante: ácido cítrico."],"conservation":" Una vez abierto, conservar en el frigorífico.","ean":"0027000609033"},{"full_name":"HEINZ salsa barbacoa chili envase 490 g","name":"salsa barbacoa chili envase 490 g","brand":"HEINZ ","img":"https://sgfm.elcorteingles.es/SGFM/dctm/MEDIA03/201703/17/00118016700868____1__600x600.jpg","price":"2,78 €","price_unit":"(5,67 € / Kilo)","categories":["Supermercado","Alimentación General","Salsas, ketchup y tomate frito","Salsa para carne y fondue","HEINZ salsa barbacoa chili envase 490 g"],"general_information":["Denominación del alimento: Barbacoa con Chilli","Nombre del operador: H.J. Heinz Foods Spain S.L.","Dirección del operador: Ctra. Rincón de Soto-Corella km 2,8. 26540 Alfaro (La Rioja)","Cantidad Neta: 400 Mililitros"],"ingredients":[" Puré de tomate, azúcar, vinagre de alcohol, melaza, especias, sal, espesante (goma xantana), ajo, aroma de humo, extracto de guindilla y aroma natural"],"conservation":" Una vez abierto conservar en frigorífico.","ean":"8410066127634"},{"full_name":"HELLMANN'S salsa barbacoa envase 250 g","name":"salsa barbacoa envase 250 g","brand":"HELLMANN'S ","img":"https://sgfm.elcorteingles.es/SGFM/dctm/MEDIA03/201607/13/00118017605207____2__600x600.jpg","price":"1,43 €","price_unit":"(5,72 € / Kilo)","categories":["Supermercado","Alimentación General","Salsas, ketchup y tomate frito","Salsa para carne y fondue","HELLMANN'S salsa barbacoa envase 250 g"],"general_information":["Denominación del alimento: SALSA BARBACOA","País de origen: Polonia","Nombre del operador: Unilever","Dirección del operador: 900 812 511 UNILEVER ESPAÑA S.A.C/Tecnología 19- 08840 Viladecans (Barcelona)","Cantidad Neta: 250 Mililitros","Número de raciones por envase: 17"],"ingredients":[" Puré de tomate cultivado de forma sostenible (52%), azúcar, vinagre de vino blanco, melazas, almidón modificado de maíz, sal, salsa Worcester (agua, jarabe de glucosa, vinagre de CEBADA malteada, azúcar, sal, aromas, extracto de cebolla, ANCHOA, aceite de oliva, vinagre de vino blanco, zumo de limón concentrado, especias, aceite de girasol), aceite de girasol, especias, aroma de humo, harina de MOSTAZA, cebolla en polvo ahumada, espesante (goma xantana), conservador (ácido sórbico), aroma."],"conservation":"Modo de empleo: 1. Desenroscar el tapón.2. Retirar el aluminio de seguridad.","ean":"8712566394197"},{"full_name":"HELLMANN'S salsa burger envase 250 ml","name":"salsa burger envase 250 ml","brand":"HELLMANN'S ","img":"https://sgfm.elcorteingles.es/SGFM/dctm/MEDIA03/201607/13/00118016600183____3__600x600.jpg","price":"1,43 €","price_unit":"(5,72 € / Kilo)","categories":["Supermercado","Alimentación General","Salsas, ketchup y tomate frito","Salsa para carne y fondue","HELLMANN'S salsa burger envase 250 ml"],"general_information":["Denominación del alimento: SALSA BURGER","País de origen: España","Nombre del operador: Unilever","Dirección del operador: 900 812 511 UNILEVER ESPAÑA S.A.C/Tecnología 19 - 08840 Viladecans (Barcelona)","Cantidad Neta: 250 Mililitros","Número de raciones por envase: 17"],"ingredients":[" Puré de tomate (46%), aceite de soja, vinagre de alcohol, jarabe de glucosa y fructosa, mostaza (5%) (agua, semillas de MOSTAZA, vinagre de alcohol, sal, especias, aromas), almidón modificado de maíz, salsa Worcester (agua, jarabe de glucosa, vinagre de CEBADA malteada, azúcar, sal, aromas, extracto de cebolla,  ANCHOAS, aceite de oliva, vinagre, zumo de limón concentrado, especias, plantas aromáticas, aceite de girasol), yema de HUEVO,especias, azúcar, sal, aromas naturales, colorante (curcumina), espesante (goma xantana), antioxidante (E385)."],"conservation":"Modo de empleo: 1. Desenroscar el tapón.2. Retirar el aluminio de seguridad","ean":"8712566385188"},{"full_name":"HELLMANN'S salsa barbacoa con miel envase 250 ml","name":"salsa barbacoa con miel envase 250 ml","brand":"HELLMANN'S ","img":"https://sgfm.elcorteingles.es/SGFM/dctm/MEDIA03/201704/20/00118016600456____1__600x600.jpg","price":"1,53 €","price_unit":"(5,37 € / Kilo)","categories":["Supermercado","Alimentación General","Salsas, ketchup y tomate frito","Salsa para carne y fondue","HELLMANN'S salsa barbacoa con miel envase 250 ml"],"general_information":["Denominación del alimento: Salsa barbacoa con miel","Nombre del operador: Unilever España S.A.","Dirección del operador: C/Tecnología 19, 08840 Viladecans (Barcelona)","Cantidad Neta: 250 Mililitros"],"ingredients":[" Puré de tomate¹ (52%), vinagre de vino blanco, azúcar, azúcar de caña, almidón modificado de maíz, agua, miel (2%), sal, salsa Worcester (agua, jarabe de glucosa, vinagre de cebada malteada, azúcar, sal, aromas, extracto de cebolla, anchoas, aceite de oliva, vinagre de vino, zumo de limón  concentrado, especias, hierbas aromáticas, aceite de girasol), especias, harina de mostaza, aceite de soja, aromas de humo, aromas. ¹Cultivados de forma sostenible"],"conservation":" Una vez abierto, consérvese en el frigorífico.","ean":"8712100390548"},{"full_name":"LEA & PERRINS salsa worcestershire botella 150 ml","name":"salsa worcestershire botella 150 ml","brand":"LEA & PERRINS ","img":"https://sgfm.elcorteingles.es/SGFM/00/40/6/0118017600406/0118017600406000g01011.jpg","price":"2,47 €","price_unit":"(16,47 € / Litro)","categories":["Supermercado","Alimentación General","Salsas, ketchup y tomate frito","Salsa para carne y fondue","LEA & PERRINS salsa worcestershire botella 150 ml"],"general_information":["Denominación del alimento: Salsa especiada","Nombre del operador: H.J. Heinz Foods Spain S.L.","Dirección del operador: Ctra. Rincón de Soto-Corella km 2,8. 26540 Alfaro (La Rioja)","Cantidad Neta: 150 Mililitros"],"ingredients":[" Vinagre de malta (cebada), vinagre de alcohol, melaza, azúcar, sal, anchoas (pescado), extracto de tamarindo, cebolla, ajo, especias, aromas. Contiene gluten y pescado"],"conservation":" Mantener en un lugar seco y temperatura ambiente","ean":"5000111040983"},{"full_name":"SALSAS ASTURIANAS salsa de boletus botella 275 ml","name":"salsa de boletus botella 275 ml","brand":"SALSAS ASTURIANAS ","img":"https://sgfm.elcorteingles.es/SGFM/00/04/1/0118016700041/0118016700041000g01011.jpg","price":"2,95 €            ","price_unit":"(10,22 € / Litro)","categories":["Supermercado","Alimentación General","Salsas, ketchup y tomate frito","Salsa para carne y fondue","SALSAS ASTURIANAS salsa de boletus botella 275 ml"],"general_information":["Denominación del alimento: Salsa Boletus","Nombre del operador: Salsas Asturianas S.L.","Dirección del operador: Pol. Ind. La Florida, Parc. 35 33950 Sotrondio (Asturias)","Cantidad Neta: 280 g"],"ingredients":[" Agua, nata, mantequilla, sal, Boletus edulis, espesante: goma xantana, ajo en polvo, cebolla en polvo. Contiene leche y sus derivados."],"conservation":" Este producto no necesita frío para su transporte y almacenamiento. Mantener  en ambiente limpio, fresco y seco. Una vez abierto mantener refrigerado y consumir antes de un mes.","ean":"8436536830156"},{"full_name":"SALSAS ASTURIANAS salsa de Pedro Ximenez con pasas botella 330 ml","name":"salsa de Pedro Ximenez con pasas botella 330 ml","brand":"SALSAS ASTURIANAS ","img":"https://sgfm.elcorteingles.es/SGFM/00/05/8/0118016700058/0118016700058000g01011.jpg","price":"2,73 €","price_unit":"(8,27 € / Litro)","categories":["Supermercado","Alimentación General","Salsas, ketchup y tomate frito","Salsa para carne y fondue","SALSAS ASTURIANAS salsa de Pedro Ximenez con pasas botella 330 ml"],"general_information":["Denominación del alimento: Salsa Pedro Ximénez","Nombre del operador: Salsas Asturianas S.L.","Dirección del operador: Pol. Ind. La Florida, Parc. 35 33950 Sotrondio (Asturias)","Cantidad Neta: 330 g"],"ingredients":[" Vino Joven de Pedro Ximénez (33,80%), Vino macerado Pedro Ximénez (33,80%), azúcar, agua, almidón modificado de patata, pasas sultanas, aroma de Pedro Ximénez, colorante: caramelo líquido y sal. Contiene sulfitos"],"conservation":" Este producto no necesita frío para su transporte y almacenamiento. Mantener  en ambiente limpio, fresco y seco. Una vez abierto mantener refrigerado y consumir antes de un mes.","ean":"8436536830149"},{"full_name":"SALSAS ASTURIANAS salsa de mostaza con miel botella 320 g","name":"salsa de mostaza con miel botella 320 g","brand":"SALSAS ASTURIANAS ","img":"https://sgfm.elcorteingles.es/SGFM/00/25/4/0118016800254/0118016800254000g01011.jpg","price":"2,73 €","price_unit":"(8,53 € / Kilo)","categories":["Supermercado","Alimentación General","Salsas, ketchup y tomate frito","Salsa para carne y fondue","SALSAS ASTURIANAS salsa de mostaza con miel botella 320 g"],"general_information":["Denominación del alimento: Salsa de mostaza y miel","Nombre del operador: Salsas Asturianas S.L.","Dirección del operador: Pol. Ind. La Florida, Parc. 35 33950 Sotrondio (Asturias)","Cantidad Neta: 330 g"],"ingredients":[" Miel (42,98), mostaza elaborada (23.5%) (Agua, vinagre, mostaza, azúcares, sal, especias, y extracto de especias), agua, vinagre de alcohol, almidón modificado de patata, azúcar, semilla de mostaza, sal y espesante: goma xantana. Contiene mostaza."],"conservation":" Este producto no necesita frío para su transporte y almacenamiento. Mantener  en ambiente limpio, fresco y seco. Una vez abierto mantener refrigerado y consumir antes de un mes.","ean":"8436536830170"},{"full_name":"SALSAS ASTURIANAS salsa de queso cabrales botella 280 g","name":"salsa de queso cabrales botella 280 g","brand":"SALSAS ASTURIANAS ","img":"https://sgfm.elcorteingles.es/SGFM/00/53/8/0118016700538/0118016700538000g01011.jpg","price":"2,86 €            ","price_unit":"(10 € / Litro)","categories":["Supermercado","Alimentación General","Salsas, ketchup y tomate frito","Salsa para carne y fondue","SALSAS ASTURIANAS salsa de queso cabrales botella 280 g"],"general_information":["Denominación del alimento: Salsa de Queso Cabrales","Nombre del operador: Salsas Asturianas S.L.","Dirección del operador: Pol. Ind. La Florida, Parc. 35 33950 Sotrondio (Asturias)","Cantidad Neta: 280 g"],"ingredients":[" Agua, nata, queso D.O. Cabrales (8,81%), mantequilla, sal, azúcar y espesante: goma xantana.  Contiene leche y sus derivados."],"conservation":" Este producto no necesita frío para su transporte y almacenamiento. Mantener  en ambiente limpio, fresco y seco. Una vez abierto mantener refrigerado y consumir antes de un mes.","ean":"8436536831108"},{"full_name":"SALSAS ASTURIANAS salsa de cinco pimientas botella 287 ml","name":"salsa de cinco pimientas botella 287 ml","brand":"SALSAS ASTURIANAS ","img":"https://sgfm.elcorteingles.es/SGFM/00/54/6/0118016700546/0118016700546000g01011.jpg","price":"2,86 €            ","price_unit":"(10 € / Litro)","categories":["Supermercado","Alimentación General","Salsas, ketchup y tomate frito","Salsa para carne y fondue","SALSAS ASTURIANAS salsa de cinco pimientas botella 287 ml"],"general_information":["Denominación del alimento: Salsa cinco pimientas","Nombre del operador: Salsas Asturianas S.L.","Dirección del operador: Pol. Ind. La Florida, Parc. 35 33950 Sotrondio (Asturias)","Cantidad Neta: 280 g"],"ingredients":[" Agua, nata, mantequilla, sal, 5 pimientas (1,1%), espesante: goma xantana y especias. Contiene leche y sus derivados."],"conservation":" Este producto no necesita frío para su transporte y almacenamiento. Mantener  en ambiente limpio, fresco y seco. Una vez abierto mantener refrigerado y consumir antes de un mes.","ean":"8436536831306"},{"full_name":"KHUNE salsa chanberry BBQ envase 475 g","name":"salsa chanberry BBQ envase 475 g","brand":"KHUNE ","img":"https://sgfm.elcorteingles.es/SGFM/dctm/MEDIA03/201705/17/00118016700892____1__600x600.jpg","price":"4,49 €","categories":["Supermercado","Alimentación General","Salsas, ketchup y tomate frito","Salsa para carne y fondue","KHUNE salsa chanberry BBQ envase 475 g"],"general_information":[],"ingredients":[],"ean":"0000040122175"},{"full_name":"BOVRIL concentrado de carne líquido frasco 125 g","name":"concentrado de carne líquido frasco 125 g","brand":"BOVRIL ","img":"https://sgfm.elcorteingles.es/SGFM/00/12/4/0118016700124/0118016700124000g01011.jpg","price":"2,68 €","price_unit":"(21,44 € / Kilo)","categories":["Supermercado","Alimentación General","Salsas, ketchup y tomate frito","Salsa para carne y fondue","BOVRIL concentrado de carne líquido frasco 125 g"],"general_information":["Denominación del alimento: BOVRIL ORIGINAL 125 g","País de origen: Reino Unido","Nombre del operador: Ofistrade S.A.","Dirección del operador: C/Buenos Aires 38-40, entlo. C - 08036 Barcelona","Lugar de procedencia del alimento: Inglaterra","Cantidad Neta: 125 g","Número de raciones por envase: 25"],"ingredients":[" Caldo de vacuno concentrado (41%) (huesos de vacuno, carne de vacuno (32%), agua), extracto de levadura (contiene CEBADA), agua, sal, colorante (caramelo E150c), almidón de maíz, carne de vacuno deshidratada (1%), potenciadores del sabor (inosinato y guanilato disódico), acidulante (ácido láctico), aromas (contiene apio)."],"conservation":" Consérvese en lugar fresco y seco.","ean":"0000096116838"},{"full_name":"MAGGI jugo concentrado de carne líquido frasco 125 ml","name":"jugo concentrado de carne líquido frasco 125 ml","brand":"MAGGI ","img":"https://sgfm.elcorteingles.es/SGFM/00/15/7/0118016700157/0118016700157000g01011.jpg","price":"2,07 €","price_unit":"(16,56 € / Litro)","categories":["Supermercado","Alimentación General","Salsas, ketchup y tomate frito","Salsa para carne y fondue","MAGGI jugo concentrado de carne líquido frasco 125 ml"],"general_information":["Denominación del alimento: Condimento líquido. Concentrado a base de proteínas vegetales hidrolizadas.","Nombre del operador: Nestlé España, S.A.","Dirección del operador: Avinguda Països Catalans, 51 - 08950 Esplugues de Llobregat (Barcelona)","Cantidad Neta: 101 Mililitros"],"ingredients":[" Proteínas vegetales hidrolizadas biológicamente (45,8 %) ( agua, proteínas de trigo, sal), agua, aroma (contiene trigo ), potenciadores del sabor ( glutamato monosódico, inosinato disódico), sal, azúcar."],"conservation":" Conservar en lugar fresco y seco.","ean":"8410100060507"},{"full_name":"COOSUR salsa kebab blanca envase 300 ml","name":"salsa kebab blanca envase 300 ml","brand":"COOSUR ","img":"https://sgfm.elcorteingles.es/SGFM/dctm/MEDIA02/CONTENIDOS/201408/25/00118017605447____1__600x600.jpg","price":"2,76 €            ","price_unit":"(4,50 € / Litro)","categories":["Supermercado","Alimentación General","Salsas, ketchup y tomate frito","Salsa para carne y fondue","COOSUR salsa kebab blanca envase 300 ml"],"general_information":["Denominación del alimento: Salsa Kebab","País de origen: España","Nombre del operador: Aceites del Sur- Coosur S.A.","Dirección del operador: Ctra. La Carolina Km 29. 23220 Vilches (Jaén)","Cantidad Neta: 300 g"],"ingredients":[" Agua, Aceite de girasol, Azúcar, Vinagre, Almidón modificado de maíz, Sal, Huevo, Acidulante: Ácido láctico, Leche en polvo desnatada, Estabilizante: goma xantana, Conservadores: Sorbato potásico y Benzoato sódico, Antioxidante: EDTA, y especias."],"conservation":" Una vez abierto, consérvese en el frigorífico","ean":"8436033824863"},{"full_name":"COOSUR salsa barbacoa envase 300 ml","name":"salsa barbacoa envase 300 ml","brand":"COOSUR ","img":"https://sgfm.elcorteingles.es/SGFM/00/35/7/0118016600357/0118016600357000g01011.jpg","price":"1,33 €            ","price_unit":"(3,33 € / Litro)","categories":["Supermercado","Alimentación General","Salsas, ketchup y tomate frito","Salsa para carne y fondue","COOSUR salsa barbacoa envase 300 ml"],"general_information":["Denominación del alimento: Salsa Barbacoa","País de origen: España","Nombre del operador: Aceites del Sur- Coosur S.A.","Dirección del operador: Ctra. La Carolina Km 29. 23220 Vilches (Jaén)","Cantidad Neta: 300 g"],"ingredients":[" Tomate (120g de tomate para elaborar 100g de este producto), azúcar, vinagre, mostaza, almidón modificado de maíz, sal, conservador: sorbato potásico, aromas y especias."],"conservation":" Una vez abierto, consérvese en el frigorífico","ean":"8436033823545"},{"full_name":"YBARRA salsa gaucha frasco 225 ml","name":"salsa gaucha frasco 225 ml","brand":"YBARRA ","img":"https://sgfm.elcorteingles.es/SGFM/dctm/MEDIA03/201705/24/00118016600050____1__600x600.jpg","price":"1,16 €            ","price_unit":"(4,89 € / Litro)","categories":["Supermercado","Alimentación General","Salsas, ketchup y tomate frito","Salsa para carne y fondue","YBARRA salsa gaucha frasco 225 ml"],"general_information":["Denominación del alimento: Salsa de Mesa","Nombre del operador: Empresa Alimentación YBARRA","Dirección del operador: Carretera Isla Menor, km. 1,8. 41703 Dos Hermanas (Sevilla)","Cantidad Neta: 225 Mililitros"],"ingredients":[" Aceite de girasol, puré de tomate, ajo, azúcar, vinagre de vino, proteínas de leche, sal,  especias, almidón modificado de maíz, zumo de limón, conservador (sorbato potásico), estabilizantes (goma garrofín y pectinas), aromas, colorante (carotenos)."],"conservation":" Preservar del calor y del exceso de luz","ean":"8410086365016"},{"full_name":"J.R.SUAREZ salsa chimichurri botella 285 ml","name":"salsa chimichurri botella 285 ml","brand":"J.R.SUAREZ ","img":"https://sgfm.elcorteingles.es/SGFM//00/40/7/0118016600407/0118016600407000g01011.jpg","price":"3,73 €            ","price_unit":"(9,65 € / Litro)","categories":["Supermercado","Alimentación General","Salsas, ketchup y tomate frito","Salsa para carne y fondue","J.R.SUAREZ salsa chimichurri botella 285 ml"],"general_information":["Denominación del alimento: Chimichurri con Stevia","País de origen: España","Nombre del operador: J.R. SUAREZ MONEDERO S.L.","Dirección del operador: C/La región, 7 16660 Las Pedroñeras- Cuenca","Cantidad Neta: 312 g","Número de raciones por envase: 19","Otras menciones obligatorias en la etiqueta: Es recomendable seguir una dieta variada, moderada y equilibrada, así como un estilo de vida activo y saludable"],"ingredients":[" Agua, zumo de pomelo, perejil, cebolla, almidón modificado de tapioca, vinagre de vino, sal, ajo morado 2%, vino, acidulante: ácido cítrico, ácidos grasos omega-3 (EPA y DHA 0,07%), especias y finas hierbas, pimentón hojilla, pimiento choricero, ají, aroma, comino, bayas de enebro, estabilizantes (E-415 y E-466), Stevia edulcorante de origen natural (glucósidos de esteviol 0,001%). Contiene aceite Omega 3 de algas."],"conservation":" Una vez abierto mantener refrigerado. Agitar bien antes de usar. Utilizar siempre cubiertos limpios para servirla.","ean":"8412346000415"},{"full_name":"J.R.SUAREZ salsa de carne de pimiento choricero frasco 135 g","name":"salsa de carne de pimiento choricero frasco 135 g","brand":"J.R.SUAREZ ","img":"https://sgfm.elcorteingles.es/SGFM/00/12/0/0118016900120/0118016900120000g01011.jpg","price":"1,83 €            ","price_unit":"(12,96 € / Kilo)","categories":["Supermercado","Alimentación General","Salsas, ketchup y tomate frito","Salsa para carne y fondue","J.R.SUAREZ salsa de carne de pimiento choricero frasco 135 g"],"general_information":["Denominación del alimento: Pimiento choricero en pulpa","País de origen: España","Nombre del operador: J.R. SUAREZ MONEDERO S.L.","Dirección del operador: C/La región, 7 16660 Las Pedroñeras- Cuenca","Cantidad Neta: 135 g"],"ingredients":[" Carne de pimiento choricero riojano."],"conservation":" Una vez abierto congelar o mantener refrigerado con una copa de aceite y consumir antes de 15 dias.","ean":"8412346796042"},{"full_name":"JACK DANIEL'S salsa barbacoa original botella 275 g","name":"salsa barbacoa original botella 275 g","brand":"JACK DANIEL'S ","img":"https://sgfm.elcorteingles.es/SGFM/00/09/2/0118016600092/0118016600092000g01011.jpg","price":"3,49 €","price_unit":"(12,69 € / Kilo)","categories":["Supermercado","Alimentación General","Salsas, ketchup y tomate frito","Salsa para carne y fondue","JACK DANIEL'S salsa barbacoa original botella 275 g"],"general_information":[],"ingredients":[],"ean":"5012427108608"},{"full_name":"JACK DANIEL'S salsa barbacoa Smokey botella 275 g","name":"salsa barbacoa Smokey botella 275 g","brand":"JACK DANIEL'S ","img":"https://sgfm.elcorteingles.es/SGFM/dctm/MEDIA02/CONTENIDOS/201410/17/00118016600084____1__600x600.jpg","price":"3,52 €","price_unit":"(12,80 € / Kilo)","categories":["Supermercado","Alimentación General","Salsas, ketchup y tomate frito","Salsa para carne y fondue","JACK DANIEL'S salsa barbacoa Smokey botella 275 g"],"general_information":[],"ingredients":[],"ean":"5012427108707"},{"full_name":"GAUTSCHI salsa bourguignonne frasco 115 g","name":"salsa bourguignonne frasco 115 g","brand":"GAUTSCHI ","img":"https://sgfm.elcorteingles.es/SGFM/dctm/MEDIA02/CONTENIDOS/201412/10/00118038401180____1__600x600.jpg","price":"4,46 €            ","price_unit":"(21,74 € / Kilo)","categories":["Supermercado","Alimentación General","Salsas, ketchup y tomate frito","Salsa para carne y fondue","GAUTSCHI salsa bourguignonne frasco 115 g"],"general_information":["Denominación del alimento: Salsa borguinonne","País de origen: Suiza","Nombre del operador: Mundial Gourmet, S.A.","Dirección del operador: c/ Joan Torruella, 45 - 08758 Cervelló","Cantidad Neta: 115 g"],"ingredients":[" Verdura en vinagre 25% (verdura (zanahorias, nabos, pepinos, cebollas, apio, guindilla, coliflor), agua, vinagre de vino, sal de mesa, azúcar, antioxidantes (E220, E230), acidulante (E330)), aceite de girasol, mostaza (agua, granos de mostaza, vinagre de mesa, sal de mesa yodada, azúcar), yogur (leche entera, proteína láctea), guindilla roja, yema de huevo pasteurizada, azúcar, perejil, sal de mesa yodada, acidulante (E270), espesante (E415), curcuma, conservante (E202), zumo de limón, antioxidante (E307).Contiene: apio, mostaza, leche, huevo."],"conservation":" Después de abierto, consevar en la nevera y consumir en un plazo de 3 semanas.","ean":"7610405067459"},{"full_name":"GAUTSCHI salsa Café de Paris frasco 90 g","name":"salsa Café de Paris frasco 90 g","brand":"GAUTSCHI ","img":"https://sgfm.elcorteingles.es/SGFM/dctm/MEDIA02/CONTENIDOS/201412/10/00118016700181____1__600x600.jpg","price":"4,40 €            ","price_unit":"(27,22 € / Kilo)","categories":["Supermercado","Alimentación General","Salsas, ketchup y tomate frito","Salsa para carne y fondue","GAUTSCHI salsa Café de Paris frasco 90 g"],"general_information":["Denominación del alimento: Salsa a las finas hierbas café de París","País de origen: Suiza","Nombre del operador: Mundial Gourmet, S.A.","Dirección del operador: c/ Joan Torruella, 45 - 08758 Cervelló","Cantidad Neta: 90,0 g"],"ingredients":[" Aceite vegetal (con antioxidante (E306)), agua, mostaza (agua, granos de mostaza, vinagre de mesa, sal de mesa yodada, azúcar, condimento), almidón de maíz, emulsionante (E322), especias para espolvorear (reforzante de sabor (E621), soja, apio, moutarde), hierbas 1.1%, especias, tabla condimentos (soja), boquerones, aromatizante, vino de licor (Jerez), ajo, conservante (E202), zumo de limón, brandy.Contiene: mostaza, soja, apio, boquerones."],"conservation":" Después de abierto, consevar en la nevera y consumir en un plazo de 3 semanas.","ean":"7610405062539"},{"full_name":"HP salsa sauce tarro 255 g","name":"salsa sauce tarro 255 g","brand":"HP ","img":"https://sgfm.elcorteingles.es/SGFM/00/23/3/0118016600233/0118016600233000g01011.jpg","price":"2,50 €","price_unit":"(9,80 € / Kilo)","categories":["Supermercado","Alimentación General","Salsas, ketchup y tomate frito","Salsa para carne y fondue","HP salsa sauce tarro 255 g"],"general_information":["Denominación del alimento: Salsa ahumada para carne","Nombre del operador: H.J. Heinz Foods Spin S.L.","Dirección del operador: Ctra. Rincón de Soto-Corello km 2,8. 26540 Alfaro (La Rioja)","Cantidad Neta: 255 g"],"ingredients":[" Tomates, vinagre de malta (contiene cebada), melaza, jarabe de glucosa-fructosa, vinagre de alcohol, azúcar, dátiles, almidón modificado de maíz, harina de centeno, sal, especias, aromas, tamarindos. Contiene gluten y maíz"],"conservation":" Una vez abierto conservar en frigorífico.","ean":"5000111001007"},{"full_name":"REMIA salsa barbacoa black jack bote 450 ml","name":"salsa barbacoa black jack bote 450 ml","brand":"REMIA ","img":"https://sgfm.elcorteingles.es/SGFM/dctm/MEDIA02/CONTENIDOS/201501/19/00118016700637____1__600x600.jpg","price":"4,24 €","price_unit":"(9,42 € / Litro)","categories":["Supermercado","Alimentación General","Salsas, ketchup y tomate frito","Salsa para carne y fondue","REMIA salsa barbacoa black jack bote 450 ml"],"general_information":[],"ingredients":[],"ean":"8710448595175"},{"full_name":"REMIA salsa de queso azul frasco 250 g","name":"salsa de queso azul frasco 250 g","brand":"REMIA ","img":"https://sgfm.elcorteingles.es/SGFM/00/01/2/0200116800012/0200116800012000g01011.jpg","price":"2,95 €","price_unit":"(11,80 € / Litro)","categories":["Supermercado","Alimentación General","Salsas, ketchup y tomate frito","Salsa para carne y fondue","REMIA salsa de queso azul frasco 250 g"],"general_information":["Denominación del alimento: Salsa blue cheese","Nombre del operador: Comercial Masoliver S.A.","Dirección del operador: Calle Puntia, 18 - 17857 Begudà (Girona) España","Lugar de procedencia del alimento: 528 - Países Bajos","Cantidad Neta: 250 Mililitros"],"ingredients":[" Agua, aceite vegetal 23%, vinagre, jarabe de glucosa-fructosa, queso en polvo procesado, sal, almidón de trigo, Queso Azul en polvo 1,0%, yema de huevo, ácido (ácido láctico), almidón modificado, hierbas, espesante (goma de guar), aromatizante, conservante E202"],"conservation":" Guardar en lugar fresco y seco","ean":"8710448564072"},{"full_name":"KNORR salsa a la pimienta envase 300 g","name":"salsa a la pimienta envase 300 g","brand":"KNORR ","img":"https://sgfm.elcorteingles.es/SGFM/dctm/MEDIA02/CONTENIDOS/201411/24/00118016700371____1__600x600.jpg","price":"2,55 €","price_unit":"(8,50 € / Kilo)","categories":["Supermercado","Alimentación General","Salsas, ketchup y tomate frito","Salsa para carne y fondue","KNORR salsa a la pimienta envase 300 g"],"general_information":["Denominación del alimento: Salsa a la Pimienta","País de origen: Francia","Nombre del operador: Unilever","Dirección del operador: Unilever Espana, S.AC/ Tecnología 19, 08840 Viladecans (Barcelona) SERVICIO DE ATENCIÓN AL CONSUMIDOR 900 812 511","Cantidad Neta: 300 Mililitros","Número de raciones por envase: 4"],"ingredients":[" Agua, LECHE desnatada, suero de LECHE, almidón modificado de maíz, puré de tomate (2,8%)*, aceite y grasa vegetales (soja, palma), NATA (2,3%), sal, aromas, azúcar, potenciador del sabor (glutamato monosódico), pimienta negra (0,4%), brandy, espesante (goma xantana), extracto de CEBADA malteada, jarabe de glucosa. $Puede contener huevo, apio, mostaza, soja.$*Tomates cultivados de forma sostenible"],"ean":"8413800084552"},{"full_name":"HEINZ salsa Argentina envase 220 ml","name":"salsa Argentina envase 220 ml","brand":"HEINZ ","img":"https://sgfm.elcorteingles.es/SGFM/dctm/MEDIA03/201703/03/00118017605587____1__600x600.jpg","price":"1,77 €","price_unit":"(8,05 € / Litro)","categories":["Supermercado","Alimentación General","Salsas, ketchup y tomate frito","Salsa para carne y fondue","HEINZ salsa Argentina envase 220 ml"],"general_information":["Denominación del alimento: Salsa con tomate y pimienta cayena","Nombre del operador: H.J. Heinz Foods Spin S.L.","Dirección del operador: Ctra. Rincón de Soto-Corello km 2,8. 26540 Alfaro (La Rioja)","Cantidad Neta: 220 Mililitros"],"ingredients":[" Pasta de tomate (35%), azúcar, vinagre de alcohol, azúcar moreno, cebolla (6%), pimiento (5%), zumo de naranja, almidón modificado, sal, pepinillos, zumo de limón, especias (contiene mostaza y apio), extracto de ajo, extracto de cebolla (contiene apio), aroma de humo. Contiene maíz, mostaza, apio y cilantro"],"conservation":" Una vez abierto conservar en frigorífico.","ean":"8410066122561"},{"full_name":"HELLMANN'S salsa kebab envase 257 g","name":"salsa kebab envase 257 g","brand":"HELLMANN'S ","img":"https://sgfm.elcorteingles.es/SGFM/dctm/MEDIA03/201604/29/00200116700733____1__600x600.jpg","price":"1,83 €","categories":["Supermercado","Alimentación General","Salsas, ketchup y tomate frito","Salsa para carne y fondue","HELLMANN'S salsa kebab envase 257 g"],"general_information":["Denominación del alimento: Salsa Kebab","Nombre del operador: Unilever España S.A.","Dirección del operador: C/Tecnología 19, 08840 Viladecans (Barcelona)","Cantidad Neta: 250 Mililitros"],"ingredients":[" Agua, aceite de nabina, yogur desnatado pasteurizado después de la fermentación, azúcar, vinagre de alcohol a las finas hierbas, vinagre de alcohol, almidón modificado de maíz, ajo, yema de huevo, sal, especias, perejil, aromas, antioxidante (E385)."],"conservation":" Una vez abierto, consérvese en el frigorífico","ean":"8712100891861"},{"full_name":"L'HORRIU salsa chimichurri clásica frasco 310 ml","name":"salsa chimichurri clásica frasco 310 ml","brand":"L'HORRIU ","img":"https://sgfm.elcorteingles.es/SGFM/00/21/7/0118016600217/0118016600217000g01011.jpg","price":"2,61 €","price_unit":"(8,42 € / Litro)","categories":["Supermercado","Alimentación General","Salsas, ketchup y tomate frito","Salsa para carne y fondue","L'HORRIU salsa chimichurri clásica frasco 310 ml"],"general_information":["Denominación del alimento: Salsa Chimichurri Clásico","Nombre del operador: Salsas Asturianas S.L.","Dirección del operador: Pol. Ind. La Florida, Parc. 35 33950 Sotrondio (Asturias)","Cantidad Neta: 295 g"],"ingredients":[" Vinagre de vino, aceite de girasol, hortalizas (pimiento verde, tomate, cebolla y ajo), mostaza, pimentón, sal, especias (laurel, perejil, tomillo y orégano), y espesante goma xantana."],"conservation":" Este producto no necesita frío para su transporte y almacenamiento. Mantener  en ambiente limpio, fresco y seco. Mantener alejado de la luz solar. Una vez abierto mantener refrigerado y consumir antes de un mes.","ean":"8437000420040"},{"full_name":"L'HORRIU salsa chimichurri adobo frasco 310 ml","name":"salsa chimichurri adobo frasco 310 ml","brand":"L'HORRIU ","img":"https://sgfm.elcorteingles.es/SGFM/05/35/5/0118017605355/0118017605355000g01011.jpg","price":"2,49 €","price_unit":"(8,03 € / Litro)","categories":["Supermercado","Alimentación General","Salsas, ketchup y tomate frito","Salsa para carne y fondue","L'HORRIU salsa chimichurri adobo frasco 310 ml"],"general_information":[],"ingredients":[],"ean":"8437000420170"},{"full_name":"YBARRA salsa gaucha envase 300 ml","name":"salsa gaucha envase 300 ml","brand":"YBARRA ","img":"https://sgfm.elcorteingles.es/SGFM/dctm/MEDIA03/201604/27/00200116600438____1__600x600.jpg","price":"2,44 €            ","categories":["Supermercado","Alimentación General","Salsas, ketchup y tomate frito","Salsa para carne y fondue","YBARRA salsa gaucha envase 300 ml"],"general_information":["Denominación del alimento: Salsa de Mesa","Nombre del operador: Empresa Alimentación YBARRA","Dirección del operador: Carretera Isla Menor, km. 1,8. 41703 Dos Hermanas (Sevilla)","Cantidad Neta: 300 Mililitros"],"ingredients":[" Aceite de girasol, puré de tomate, ajo, azúcar, vinagre de vino, proteínas de leche, sal,  especias, almidón modificado de maíz, zumo de limón concentrado, conservador (sorbato potásico), estabilizantes (goma garrofín y pectinas), aromas, colorante (carotenos)."],"conservation":" Preservar del calor y del exceso de luz","ean":"8410086391138"},{"full_name":"YBARRA salsa roquefort envase 300 ml","name":"salsa roquefort envase 300 ml","brand":"YBARRA ","img":"https://sgfm.elcorteingles.es/SGFM/dctm/MEDIA03/201604/27/00200116600420____1__600x600.jpg","price":"1,84 €            ","categories":["Supermercado","Alimentación General","Salsas, ketchup y tomate frito","Salsa para carne y fondue","YBARRA salsa roquefort envase 300 ml"],"general_information":["Denominación del alimento: Salsa Roquefort","Nombre del operador: Grupo Ybarra Alimentación, S,L.","Dirección del operador: Carretera Isla Menor, km. 1,8. 41703 Dos Hermanas","Cantidad Neta: 300 Mililitros"],"ingredients":[" Agua, aceite de girasol (34%), queso Roquefort (6%), vinagre de vino, yema de huevo, almidón modificado de maíz, azúcar, sal, zumo de limón, conservador (sorbato potásico), acidulante (ácido cítrico), estabilizante (goma xantana), aroma, antioxidante (EDTA)."],"conservation":" Conservar en lugar fresco y seco. No congelar. Una vez abierto, conservar bien cerrado en el frigorífico.","ean":"8410086392036"},{"full_name":"CHOVI salsa kebab white envase 249 g","name":"salsa kebab white envase 249 g","brand":"CHOVI ","img":"https://sgfm.elcorteingles.es/SGFM/dctm/MEDIA03/201606/29/00118016700819____1__600x600.jpg","price":"1,41 €","categories":["Supermercado","Alimentación General","Salsas, ketchup y tomate frito","Salsa para carne y fondue","CHOVI salsa kebab white envase 249 g"],"general_information":["Denominación del alimento: Kebab white","Nombre del operador: Chovi. S.L.U.","Dirección del operador: P.I.Font de Mussa, 46450 Benifaió (Valencia)","Cantidad Neta: 0.25 Kilogramos"],"ingredients":[" Aceite vegetal*, agua, nata en polvo, azúcar, yema de huevo, vinagre, yogur en polvo, sal, especias, jugo de limón concentrado, almidón modificado, aroma, acidulante: ácido láctico, conservador: sorbato potásico, estabilizante: goma xantana, antioxidante: E-385"],"conservation":" Una vez abierto, guardar en frigorífico","ean":"8410422002018"},{"full_name":"L'HORRIU salsa chimichurri picante frasco 310 ml","name":"salsa chimichurri picante frasco 310 ml","brand":"L'HORRIU ","img":"https://sgfm.elcorteingles.es/SGFM/00/07/3/0200116600073/0200116600073000g01011.jpg","price":"2,73 €","price_unit":"(8,81 € / Litro)","categories":["Supermercado","Alimentación General","Salsas, ketchup y tomate frito","Salsa para carne y fondue","L'HORRIU salsa chimichurri picante frasco 310 ml"],"general_information":["Denominación del alimento: Salsa Chumichurri Picante","Nombre del operador: Salsas Asturianas S.L.","Dirección del operador: Pol. Ind. La Florida, Parc. 35 33950 Sotrondio (Asturias)","Cantidad Neta: 295 g"],"ingredients":[" Vinagre de vino, aceite de girasol, hortalizas (pimiento verde, tomate, cebolla y ajo), mostaza, pimentón, sal, especias (laurel, perejil, tomillo y orégano), espesante goma xantana y oleorresina picante"],"conservation":" Este producto no necesita frío para su transporte y almacenamiento. Mantener  en ambiente limpio, fresco y seco. Mantener alejado de la luz solar. Una vez abierto mantener refrigerado y consumir antes de un mes.","ean":"8437000420026"},{"full_name":"LES METS PROVENCE salsa a la pimienta verde frasco 90 g","name":"salsa a la pimienta verde frasco 90 g","brand":"LES METS PROVENCE ","img":"https://sgfm.elcorteingles.es/SGFM/dctm/MEDIA03/201611/04/00118017606411____1__600x600.jpg","price":"1,95 €","price_unit":"(21,67 € / Kilo)","categories":["Supermercado","Alimentación General","Salsas, ketchup y tomate frito","Salsa para carne y fondue","LES METS PROVENCE salsa a la pimienta verde frasco 90 g"],"general_information":["Denominación del alimento: Salsa a la pimienta verde.","Nombre del operador: VELDIS, S.A.","Dirección del operador: C/Puerto de Navacerrada, 59, 28935 Móstoles (Madrid).","Cantidad Neta: 90 g"],"ingredients":[" Aceite de girasol, leche, vinagre de alcohol, yema de huevo, mostaza (agua, semillas de mostaza, vinagre de alcohol, sal, acidulante: ácido cítrico), pimienta verde (1,1%), concentrado de limón, azúcar, sal, espesantes: goma xantana y goma guar."],"conservation":" Conservar a temperatura ambiente. Una vez abierto, conservar en el frigorífico y consumir rápidamente.","ean":"3337730001463"},{"full_name":"LES METS PROVENCE salsa al roquefort frasco 90 g","name":"salsa al roquefort frasco 90 g","brand":"LES METS PROVENCE ","img":"https://sgfm.elcorteingles.es/SGFM/dctm/MEDIA03/201611/04/00118017606403____1__600x600.jpg","price":"1,95 €","price_unit":"(21,67 € / Kilo)","categories":["Supermercado","Alimentación General","Salsas, ketchup y tomate frito","Salsa para carne y fondue","LES METS PROVENCE salsa al roquefort frasco 90 g"],"general_information":["Denominación del alimento: Salsa al roquefort.","Nombre del operador: VELDIS, S.A.","Dirección del operador: C/Puerto de Navacerrada, 59, 28935 Móstoles (Madrid).","Cantidad Neta: 90 g"],"ingredients":[" Aceite de girasol, leche, agua, queso de Roquefort (6,6%), yema de huevo, mostaza (agua, semillas de mostaza, vinagre de alcohol, sal, acidulante: ácido cítrico), concentrado de limón, sal, espesante: goma xantana y goma guar."],"conservation":" Conservar a temperatura ambiente. Una vez abierto, conservar en el frigorífico y consumir rápidamente.","ean":"3337730001487"},{"full_name":"NEWMAN'S OWN salsa carolina gold BBQ envase 280 ml","name":"salsa carolina gold BBQ envase 280 ml","brand":"NEWMAN'S OWN ","img":"https://sgfm.elcorteingles.es/SGFM/dctm/MEDIA03/201702/06/00118016700835____1__600x600.jpg","price":"3,85 €","price_unit":"(13,75 € / Litro)","categories":["Supermercado","Alimentación General","Salsas, ketchup y tomate frito","Salsa para carne y fondue","NEWMAN'S OWN salsa carolina gold BBQ envase 280 ml"],"general_information":[],"ingredients":[],"ean":"0000096137208"},{"full_name":"NEWMAN'S OWN salsa cremosa para hamburguesa envase 280 ml","name":"salsa cremosa para hamburguesa envase 280 ml","brand":"NEWMAN'S OWN ","img":"https://sgfm.elcorteingles.es/SGFM/dctm/MEDIA03/201702/06/00118016700843____1__600x600.jpg","price":"3,85 €","price_unit":"(13,75 € / Litro)","categories":["Supermercado","Alimentación General","Salsas, ketchup y tomate frito","Salsa para carne y fondue","NEWMAN'S OWN salsa cremosa para hamburguesa envase 280 ml"],"general_information":[],"ingredients":[],"ean":"0000096092446"},{"full_name":"HAMBURGUESA NOSTRA salsa HN-1 ketchup, mostaza y barbacoa classic sin gluten envase 200 ml","name":"salsa HN-1 ketchup, mostaza y barbacoa classic sin gluten envase 200 ml","brand":"HAMBURGUESA NOSTRA ","img":"https://sgfm.elcorteingles.es/SGFM/dctm/MEDIA03/201704/06/00118480002585____1__600x600.jpg","price":"3,90 €","price_unit":"(19,50 € / Litro)","categories":["Supermercado","Frescos","Carnicería","Picadas y hamburguesas","Hamburguesa Nostra","HAMBURGUESA NOSTRA salsa HN-1 ketchup, mostaza y barbacoa classic sin gluten envase 200 ml"],"general_information":["Denominación del alimento: Salsa ketchup mOstaza barbacoA","Nombre del operador: El Obrador de Hamburguesa Nostra, S.L.","Dirección del operador: Calle Alsasua, 14-16 Planta Baja. 28023. Madrid","Cantidad Neta: 200 g"],"ingredients":[" Ketchup (33%)(Tomate, azúcar, jarabe de glucosa y fructosa, vinagre, sal y especias), mostaza (33%)(Agua, vinagre, semilla de mostaza, jarabe deglucosa-fructosa, sal, cúrcuma y aroma), salsa barbacoa (33%)[Ketchup, agua, azúcar moreno, tomate concentrado, vinagre de vino, mostaza, glucosa,salsa de soja, salsa worcestershire (contiene anchoas), almidón modificado de maíz, sal, pimienta blanca, aroma humo y tabasco] y conservantes(sorbato potásico, benzoato sódico)."],"conservation":" Conservar en refrigeración: entre 1 y 5°C. Una vez abierto el envase se recomienda consumir el producto antes de 7 días.","ean":"8436543243437"},{"full_name":"HAMBURGUESA NOSTRA salsa HN-7 barbacoa classic sin gluten envase 200 ml","name":"salsa HN-7 barbacoa classic sin gluten envase 200 ml","brand":"HAMBURGUESA NOSTRA ","img":"https://sgfm.elcorteingles.es/SGFM/dctm/MEDIA03/201704/06/00118480002619____1__600x600.jpg","price":"3,90 €","price_unit":"(19,50 € / Litro)","categories":["Supermercado","Frescos","Carnicería","Picadas y hamburguesas","Hamburguesa Nostra","HAMBURGUESA NOSTRA salsa HN-7 barbacoa classic sin gluten envase 200 ml"],"general_information":["Denominación del alimento: Salsa barbacoa picante","Nombre del operador: El Obrador de Hamburguesa Nostra, S.L.","Dirección del operador: Calle Alsasua, 14-16 Planta Baja. 28023. Madrid","Cantidad Neta: 200 g"],"ingredients":[" Salsa barbacoa (96%) [ketchup (Tomate, azúcar, jarabe de glucosa y fructosa, vinagre, sal y especias), azúcar moreno, agua, tomate concentrado,vinagre de vino, glucosa, mostaza, salsa worcestershire (contiene anchoas), salsa de soja, almidón modificado de maíz, sal, colorante caramelo,pimienta blanca, tabasco, aroma de humo y estabilizantes (goma xantana, goma guar)], salsa sambal (chili, sal, agua, acidificantes: ácido acético yácido cítrico, conservante: ácido benzoico), cayena molida y conservantes (sorbato potásico, benzoato sódico)."],"conservation":" Conservar en refrigeración: entre 1 y 5°C. Una vez abierto el envase se recomienda consumir el producto antes de 7 días.","ean":"8436543243468"},{"full_name":"HAMBURGUESA NOSTRA salsa HN-6 mostaza y miel classic sin gluten envase 200 ml","name":"salsa HN-6 mostaza y miel classic sin gluten envase 200 ml","brand":"HAMBURGUESA NOSTRA ","img":"https://sgfm.elcorteingles.es/SGFM/dctm/MEDIA03/201704/06/00118480002601____1__600x600.jpg","price":"3,90 €","price_unit":"(19,50 € / Litro)","categories":["Supermercado","Frescos","Carnicería","Picadas y hamburguesas","Hamburguesa Nostra","HAMBURGUESA NOSTRA salsa HN-6 mostaza y miel classic sin gluten envase 200 ml"],"general_information":["Denominación del alimento: Salsa mostaza y miel","Nombre del operador: El Obrador de Hamburguesa Nostra, S.L.","Dirección del operador: Calle Alsasua, 14-16 Planta Baja. 28023. Madrid","Cantidad Neta: 200 g"],"ingredients":[" Miel (35%), mostaza (32%) (Agua, vinagre, semilla de mostaza, jarabe de glucosa-fructosa, sal, cúrcuma y aromas), aceite de oliva, aceite degirasol, glucosa, vinagre, estragón fresco (0,43%), conservantes (sorbato potásico, benzoato sódico)."],"conservation":" Conservar en refrigeración: entre 1 y 5°C. Una vez abierto el envase se recomienda consumir el producto antes de 7 días.","ean":"8436543243451"},{"full_name":"HAMBURGUESA NOSTRA salsa HN-8 queso cabrales sin gluten envase 200 ml","name":"salsa HN-8 queso cabrales sin gluten envase 200 ml","brand":"HAMBURGUESA NOSTRA ","img":"https://sgfm.elcorteingles.es/SGFM/dctm/MEDIA03/201705/31/00118480002692____1__600x600.jpg","price":"3,90 €","price_unit":"(19,50 € / Litro)","categories":["Supermercado","Frescos","Carnicería","Picadas y hamburguesas","Hamburguesa Nostra","HAMBURGUESA NOSTRA salsa HN-8 queso cabrales sin gluten envase 200 ml"],"general_information":["Denominación del alimento: Salsa queso cabrales","Nombre del operador: El Obrador de Hamburguesa Nostra, S.L.","Dirección del operador: Calle Alsasua, 14-16 Planta Baja. 28023. Madrid","Cantidad Neta: 200 g"],"ingredients":[" Mayonesa [aceite de girasol, agua, vinagre de vino, yema de huevo en polvo, sal, azúcar, maltodextrina, conservante (sorbato potásico) yestabilizantes (goma guar, goma xantana, goma tara y fosfato cálcico)], queso cabrales (13%), conservante (sorbato potásico, benzoato sódico) y aroma de manzana."],"conservation":" Conservar en refrigeración: entre 1 y 5°C. Una vez abierto el envase se recomienda consumir el producto antes de 7 días.","ean":"8436543243475"},{"full_name":"HAMBURGUESA NOSTRA salsa HN-9 mahonesa, aguacate y lima sin gluten envase 200 ml","name":"salsa HN-9 mahonesa, aguacate y lima sin gluten envase 200 ml","brand":"HAMBURGUESA NOSTRA ","img":"https://sgfm.elcorteingles.es/SGFM/dctm/MEDIA03/201704/06/00118480002627____1__600x600.jpg","price":"3,90 €","price_unit":"(19,50 € / Litro)","categories":["Supermercado","Frescos","Carnicería","Picadas y hamburguesas","Hamburguesa Nostra","HAMBURGUESA NOSTRA salsa HN-9 mahonesa, aguacate y lima sin gluten envase 200 ml"],"general_information":["Denominación del alimento: Salsa mahonesa aguacate y lima","Nombre del operador: El Obrador de Hamburguesa Nostra, S.L.","Dirección del operador: Calle Alsasua, 14-16 Planta Baja. 28023. Madrid","Cantidad Neta: 200 g"],"ingredients":[" Mayonesa (67%)[aceite de girasol, agua, vinagre de vino, yema de huevo, sal, azúcar, maltodextrina, conservante (sorbato potásico) y estabilizantes (goma guar, goma xantana, goma tara y fosfato cálcico)], pulpa de aguacate(25%) (aguacate, sal,pimienta negra y azúcar), tequila, zumo de lima (2%)(zumo de lima, pulpa de limón, acidificante: ácido cítrico), sal y conservantes (sorbato potásico, benzoato sódico)."],"conservation":" Conservar en refrigeración: entre 1 y 5°C. Una vez abierto el envase se recomienda consumir el producto antes de 7 días.","ean":"8436543243482"},{"full_name":"HAMBURGUESA NOSTRA salsa HN-12 alioli de ajos asados sin gluten envase 200 ml","name":"salsa HN-12 alioli de ajos asados sin gluten envase 200 ml","brand":"HAMBURGUESA NOSTRA ","img":"https://sgfm.elcorteingles.es/SGFM/dctm/MEDIA03/201704/06/00118480002635____1__600x600.jpg","price":"3,90 €","price_unit":"(19,50 € / Litro)","categories":["Supermercado","Frescos","Carnicería","Picadas y hamburguesas","Hamburguesa Nostra","HAMBURGUESA NOSTRA salsa HN-12 alioli de ajos asados sin gluten envase 200 ml"],"general_information":["Denominación del alimento: Salsa alioli ajos asados","Nombre del operador: El Obrador de Hamburguesa Nostra, S.L.","Dirección del operador: Calle Alsasua, 14-16 Planta Baja. 28023. Madrid","Cantidad Neta: 200 g"],"ingredients":[" Aceite de girasol, huevo líquido, aceite de oliva, yema de huevo, agua, vinagre de vino, ajo (2%), sal, zumo de limón (agua, limón puré, limónzumo concentrado, acidificante: ácido cítrico, naranja zumo concentrado, y conservante: sorbato potásico), conservante (sorbato potásico,benzoato sódico) y estabilizante (E-412, E-415, E-440)."],"conservation":" Conservar en refrigeración: entre 1 y 5°C. Una vez abierto el envase se recomienda consumir el producto antes de 7 días.","ean":"8436543243499"},{"full_name":"SHARWOOD'S salsa butter chicken tarro 420 g","name":"salsa butter chicken tarro 420 g","brand":"SHARWOOD'S ","img":"https://sgfm.elcorteingles.es/SGFM/dctm/MEDIA03/201707/27/00118089302782____1__600x600.jpg","price":"4,25 €","price_unit":"(10,12 € / Kilo)","categories":["Supermercado","Alimentación General","Salsas, ketchup y tomate frito","Salsa para carne y fondue","SHARWOOD'S salsa butter chicken tarro 420 g"],"general_information":["Denominación del alimento: Salsa india Butter Chicken tipo Murgh Makhani 420 gr","País de origen: Reino Unido","Nombre del operador: Alimentación Varma, S.L.","Dirección del operador: C/ La granja, 15 - Pol. Industrial Alcobendas. 28108 Alcobendas (Madrid) - España","Cantidad Neta: 420 g"],"ingredients":[" Agua, tomates (14%), crema (leche), cebollas fritas (6%) (cebollas, aceite de colza), puré de tomate (4%), almidón de maíz modificado, aceite de colza, el azúcar, la mantequilla (2%) (leche), puré de jengibre, especias, sal, puré de ajo, cilantro molido, cilantro, ácido cítrico, cardamomo molido, color (extracto de pimentón). Puede contener trazas de sésamo."],"conservation":" Almacenar en un lugar fresco y seco. Una vez abierto,  refrigerar y consumir antes de 3 días","ean":"5000354203695"},{"full_name":"MARY LEE salsa para alitas de pollo botella 355 ml","name":"salsa para alitas de pollo botella 355 ml","brand":"MARY LEE ","img":"https://sgfm.elcorteingles.es/SGFM/dctm/MEDIA03/201707/27/00118016600472____1__600x600.jpg","price":"3,62 €","price_unit":"(10,20 € / Litro)","categories":["Supermercado","Alimentación General","Salsas, ketchup y tomate frito","Salsa para carne y fondue","MARY LEE salsa para alitas de pollo botella 355 ml"],"general_information":["Denominación del alimento: SALSA ALITAS DE POLLO \"BUFFALO WING\" 355 ML MARY LEE","País de origen: Estados Unidos","Nombre del operador: Alimentación Varma, S.L.","Dirección del operador: C/ La granja, 15 - Pol. Industrial Alcobendas. 28108 Alcobendas (Madrid) - España","Cantidad Neta: 355 Mililitros"],"ingredients":[" Pimienta roja, vinagre destilado, sal, aceite de colza, aroma mantequilla, espesante (E-415), ajo granulado, corrector acidez (E-330)."],"conservation":" Conservar en lugar fresco y seco. Después de la apertura conservar en el frigorífico y consumir antes de  4 semanas","ean":"8425190196036"},{"full_name":"MARY LEE salsa especial para ternera botella 284 g","name":"salsa especial para ternera botella 284 g","brand":"MARY LEE ","img":"https://sgfm.elcorteingles.es/SGFM/dctm/MEDIA03/201711/10/00118016700876____1__600x600.jpg","price":"3,74 €","price_unit":"(13,17 € / Kilo)","categories":["Supermercado","Alimentación General","Salsas, ketchup y tomate frito","Salsa para carne y fondue","MARY LEE salsa especial para ternera botella 284 g"],"general_information":["Denominación del alimento: SALSA ESPECIAL TERNERA 284 GR MARY LEE","País de origen: Estados Unidos","Nombre del operador: Alimentación Varma, S.L.","Dirección del operador: C/ La granja, 15 - Pol. Industrial Alcobendas. 28108 Alcobendas (Madrid) - España","Cantidad Neta: 284 Mililitros"],"ingredients":[" Viagre destilado, tomate concentrado, pasta de pasas, sal, naranja triturada, espesante (E-415), jugo de limón en polvo (maltodextrina, puré de limón, corrector de acidez (E-330),), azúcar, especias y  hierbas (apio, pimienta y salvia), cebolla en polvo, conservante (E-211), colorante  (E-150d), extracto de tamarindo."],"conservation":" Conservar en lugar fresco y seco. Después de la apertura conservar en el frigorífico y consumir antes de  4 semanas","ean":"8425190196029"},{"full_name":"MARY LEE salsa barbacoa botella 340 g","name":"salsa barbacoa botella 340 g","brand":"MARY LEE ","img":"https://sgfm.elcorteingles.es/SGFM/dctm/MEDIA03/201711/10/00118016700884____1__600x600.jpg","price":"4,78 €","price_unit":"(14,06 € / Kilo)","categories":["Supermercado","Alimentación General","Salsas, ketchup y tomate frito","Salsa para carne y fondue","MARY LEE salsa barbacoa botella 340 g"],"general_information":["Denominación del alimento: SALSA BBQ ESTILO LOUISIANA 340 GR","País de origen: Estados Unidos","Nombre del operador: Alimentación Varma, S.L.","Dirección del operador: C/ La granja, 15 - Pol. Industrial Alcobendas. 28108 Alcobendas (Madrid) - España","Cantidad Neta: 340 Mililitros"],"ingredients":[" Ketchup, jarabe de maíz, vinagre destilado, melaza, aromas, sal, colorante (E-150d), mostaza, espesante (E-415), conservante (E-211), mezcle BBQ."],"conservation":" Conservar en lugar fresco y seco. Después de la apertura conservar en el frigorífico y consumir antes de  4 semanas","ean":"8425190196050"},{"full_name":"SWEET BABY RAY salsa barbacoa envase 510 g","name":"salsa barbacoa envase 510 g","brand":"SWEET BABY RAY ","img":"https://sgfm.elcorteingles.es/SGFM/dctm/MEDIA03/201609/02/00200116700691____1__600x600.jpg","price":"4,57 €","price_unit":"(8,96 € / Kilo)","categories":["Supermercado","Alimentación General","Salsas, ketchup y tomate frito","Salsa para carne y fondue","SWEET BABY RAY salsa barbacoa envase 510 g"],"general_information":["Denominación del alimento: Salsa Barbacoa","País de origen: Estados Unidos","Nombre del operador: VELDIS, S.A.","Dirección del operador: C/Puerto de Navacerrada nº 59. (28935) Móstoles (Madrid)","Cantidad Neta: 510 g"],"ingredients":[" Jarabe de glucosa y fructosa, vinagre de  cereales, pasta de tomate, almidón modificado de maíz, sal, zumo de piña  concentrado, aroma de humo, especias (contiene MOSTAZA y APIO), colorante  (E150d), conservador (E211), melaza de caña, jarabe de glucosa, ajo en polvo,  azúcar, extracto de tamarindo, aroma."],"conservation":" Una vez abierto, mantener refrigerado a una temperatura inferior a 8ºC y consumir antes de 4 meses.","ean":"0013409516768"},{"full_name":"MONTEALBOR salsa al whisky tarro 180 g neto escurrido","name":"salsa al whisky tarro 180 g neto escurrido","brand":"MONTEALBOR ","img":"https://sgfm.elcorteingles.es/SGFM/dctm/MEDIA03/201707/17/00200117606293____1__600x600.jpg","price":"1,91 €","price_unit":"(10,61 € / Kilo)","categories":["Supermercado","Alimentación General","Salsas, ketchup y tomate frito","Salsa para carne y fondue","MONTEALBOR salsa al whisky tarro 180 g neto escurrido"],"general_information":["Denominación del alimento: Salsa al Whisky","Nombre del operador: Montealbor Alimentación S.A.","Dirección del operador: Pol. Ind. La Red Sur, calle 17, nº 34 41500 Alcalá de Guadaira, Sevilla","Cantidad Neta: 180 g","Otras menciones obligatorias en la etiqueta: Sin gluten. Sin leche ni derivados. Sin colorantes. Sin conservantes."],"ingredients":[" Aceite de girasol, hortalizas, limón, vino, ajos, sal, aromas, azúcares, especias, whisky (1%) y espesante (goma xantana). Puede contener trazas de SOJA."],"conservation":" Una vez abierto conservar en frigorífico.","ean":"8422061008801"},{"full_name":"SWEET BABY RAY salsa barbacoa miel envase 510 g","name":"salsa barbacoa miel envase 510 g","brand":"SWEET BABY RAY ","img":"https://sgfm.elcorteingles.es/SGFM/dctm/MEDIA03/201609/13/00118016700751____1__600x600.jpg","price":"4,57 €","price_unit":"(8,96 € / Kilo)","categories":["Supermercado","Alimentación General","Salsas, ketchup y tomate frito","Salsa para carne y fondue","SWEET BABY RAY salsa barbacoa miel envase 510 g"],"general_information":["Denominación del alimento: Salsa Barbacoa con miel","País de origen: Estados Unidos","Nombre del operador: VELDIS, S.A.","Dirección del operador: C/Puerto de Navacerrada nº 59. (28935) Móstoles (Madrid)","Cantidad Neta: 510 g"],"ingredients":[" Jarabe  de glucosa y fructosa, vinagre de cereales, pasta de tomate, miel (2,5%), almidón  modificado de maíz, sal, aroma, colorante (E150d), zumo de piña concentrado, especias  (contiene MOSTAZA y APIO), conservador (E211), aroma de humo, ajo en polvo, melaza de caña,  jarabe de glucosa, azúcar, extracto de tamarindo."],"conservation":" Una vez abierto, mantener refrigerado a una temperatura inferior a 8ºC y consumir antes de 4 meses.","ean":"0013409516775"},{"full_name":"O'CHURRASCO salsa churrasco con aceite de oliva frasco 181 ml","name":"salsa churrasco con aceite de oliva frasco 181 ml","brand":"O'CHURRASCO ","img":"https://sgfm.elcorteingles.es/SGFM/dctm/MEDIA03/201710/25/00118016600530____1__600x600.jpg","price":"2,95 €","price_unit":"(16,30 € / Litro)","categories":["Supermercado","Alimentación General","Salsas, ketchup y tomate frito","Salsa para carne y fondue","O'CHURRASCO salsa churrasco con aceite de oliva frasco 181 ml"],"general_information":[],"ingredients":[],"ean":"8410026482254"},{"full_name":"LISTO EL POLLO salsa adobo para pollo frasco 553 ml","name":"salsa adobo para pollo frasco 553 ml","brand":"LISTO EL POLLO ","img":"https://sgfm.elcorteingles.es/SGFM/dctm/MEDIA03/201710/26/00118016600522____1__600x600.jpg","price":"4,95 €","price_unit":"(8,95 € / Litro)","categories":["Supermercado","Alimentación General","Salsas, ketchup y tomate frito","Salsa para carne y fondue","LISTO EL POLLO salsa adobo para pollo frasco 553 ml"],"general_information":[],"ingredients":[],"ean":"8410026482285"},{"full_name":"MCCILHENNY salsa de tabasco botella 60 g","name":"salsa de tabasco botella 60 g","brand":"MCCILHENNY ","img":"https://sgfm.elcorteingles.es/SGFM/00/41/4/0118017600414/0118017600414000g01011.jpg","price":"2,85 €","price_unit":"(47,50 € / Kilo)","categories":["Supermercado","Alimentación General","Salsas, ketchup y tomate frito","Salsas picantes y tabasco","MCCILHENNY salsa de tabasco botella 60 g"],"general_information":[],"ingredients":[],"ean":"8410118041017"},{"full_name":"MCCILHENNY salsa de tabasco chipotle botella 60 ml","name":"salsa de tabasco chipotle botella 60 ml","brand":"MCCILHENNY ","img":"https://sgfm.elcorteingles.es/SGFM/05/27/2/0118017605272/0118017605272000g01011.jpg","price":"2,59 €","price_unit":"(43,17 € / Litro)","categories":["Supermercado","Alimentación General","Salsas, ketchup y tomate frito","Salsas picantes y tabasco","MCCILHENNY salsa de tabasco chipotle botella 60 ml"],"general_information":["Denominación del alimento: Tabasco chipotle","Nombre del operador: Bolton Cile España","Dirección del operador: C/ Ombú nº 3 28045 Madrid, España","Cantidad Neta: 60 Mililitros"],"ingredients":[" Chile chipotle, vinagre, agua, sal, azúcar, cebolla en polvo, ajo en polvo, especias, tabasco rojo (vinagre, chile rojo y sal)"],"ean":"0011210607040"},{"full_name":"HELLMANN'S gran salsa brava envase 225 ml","name":"gran salsa brava envase 225 ml","brand":"HELLMANN'S ","img":"https://sgfm.elcorteingles.es/SGFM/dctm/MEDIA03/201610/25/00118016600225____2__600x600.jpg","price":"1,43 €","price_unit":"(6,36 € / Litro)","categories":["Supermercado","Alimentación General","Salsas, ketchup y tomate frito","Salsas picantes y tabasco","HELLMANN'S gran salsa brava envase 225 ml"],"general_information":["Denominación del alimento: SALSA BRAVA","País de origen: España","Nombre del operador: Unilever","Dirección del operador: 900 812 511 UNILEVER ESPAÑA, S.A. C/ Tecnología 19- 08840 Viladecans (Barcelona)","Cantidad Neta: 250 Mililitros","Número de raciones por envase: 17"],"ingredients":[" Agua, aceite de soja, puré de tomate¹, vinagre de alcohol, almidón modificado de maíz, azúcar, yema de HUEVO, chile (1,9%), sal, mostaza (agua, semillas de MOSTAZA, vinagre de alcohol, sal, especias, aromas), pimiento rojo (0,6%), ajo en polvo, aromas naturales.¹Cultivado de forma sostenible."],"conservation":"Modo de empleo: 1.Desenroscar el tapón. 2.Retirar el aluminio de seguridad.","ean":"8712566388066"},{"full_name":"COOSUR salsa brava envase 300 ml","name":"salsa brava envase 300 ml","brand":"COOSUR ","img":"https://sgfm.elcorteingles.es/SGFM/05/43/9/0118017605439/0118017605439000g01011.jpg","price":"1,33 €            ","price_unit":"(3,33 € / Litro)","categories":["Supermercado","Alimentación General","Salsas, ketchup y tomate frito","Salsas picantes y tabasco","COOSUR salsa brava envase 300 ml"],"general_information":["Denominación del alimento: Salsa Brava","País de origen: España","Nombre del operador: Aceites del Sur- Coosur S.A.","Dirección del operador: Ctra. La Carolina Km 29. 23220 Vilches (Jaén)","Cantidad Neta: 300 g"],"ingredients":[" Aceite de girasol, agua, concentrado de tomate, vinagre, azúcar, sal, almidón modificado de maíz, ajo natural, proteínas lácticas, mostaza, zumo de limón, estabilizantes: goma guar y goma xantana, conservador: sorbato potásico, antioxidante: EDTA, colorante: betacaroteno, y especias."],"conservation":" Una vez abierto, consérvese en el frigorífico","ean":"8436033823538"},{"full_name":"SALSAS ASTURIANAS salsa picante botella 106 ml","name":"salsa picante botella 106 ml","brand":"SALSAS ASTURIANAS ","img":"https://sgfm.elcorteingles.es/SGFM/05/57/9/0118017605579/0118017605579000g01011.jpg","price":"1,67 €            ","price_unit":"(14,91 € / Kilo)","categories":["Supermercado","Alimentación General","Salsas, ketchup y tomate frito","Salsas picantes y tabasco","SALSAS ASTURIANAS salsa picante botella 106 ml"],"general_information":["Denominación del alimento: Salsa Picante","Nombre del operador: Salsas Asturianas S.L.","Dirección del operador: Pol. Ind. La Florida, Parc. 35 33950 Sotrondio (Asturias)","Cantidad Neta: 105 g"],"ingredients":[" Vinagre de vino, azúcar, sal, chile, oleorresina de pimentón, espesante goma xantana, aroma de ajo, oleorresina picante, cebolla en polvo y colorante: caramelo líquido."],"conservation":" Este producto no necesita frío para su transporte y almacenamiento. Mantener  en ambiente limpio, fresco y seco. Una vez abierto mantener refrigerado y consumir antes de un mes.","ean":"8437000420224"},{"full_name":"PRIMA salsa brava envase 320 g","name":"salsa brava envase 320 g","brand":"PRIMA ","img":"https://sgfm.elcorteingles.es/SGFM/dctm/MEDIA02/CONTENIDOS/201503/13/00118016600266000_1__600x600.jpg","price":"2,56 €","price_unit":"(8 € / Kilo)","categories":["Supermercado","Alimentación General","Salsas, ketchup y tomate frito","Salsas picantes y tabasco","PRIMA salsa brava envase 320 g"],"general_information":["Denominación del alimento: salsa brava","Nombre del operador: Bolton Cile España","Dirección del operador: C/ Ombú nº3 28045 Madrid, España","Cantidad Neta: 320 g"],"ingredients":[" Tomate, jarabe de glucosa-fructosa, vinagre, sal, almidón modificado, aroma, acidulante (ácido cítrico), estabilizantes (goma guar y goma garrofín), conservadores (sorbato potásico y benzoato sódico), potenciador del sabor (E-621)"],"ean":"8410118024904"},{"full_name":"SALSAS ASTURIANAS salsa brava botella 302 ml","name":"salsa brava botella 302 ml","brand":"SALSAS ASTURIANAS ","img":"https://sgfm.elcorteingles.es/SGFM//05/45/4/0118017605454/0118017605454000g01011.jpg","price":"1,62 €","price_unit":"(5,36 € / Kilo)","categories":["Supermercado","Alimentación General","Salsas, ketchup y tomate frito","Salsas picantes y tabasco","SALSAS ASTURIANAS salsa brava botella 302 ml"],"general_information":["Denominación del alimento: Salsa Brava","Nombre del operador: Salsas Asturianas S.L.","Dirección del operador: Pol. Ind. La Florida, Parc. 35 33950 Sotrondio (Asturias)","Cantidad Neta: 310 g"],"ingredients":[" Agua, tomate concentrado, azúcar, sal, aceite de oliva (2.9 %), ketchup (tomate (159g de tomate por cada 100g de ketchup), jarabe de glucosa y fructosa, vinagre, sal, almidón de maíz modificado, aroma, conservantes: (sorbato potásico y benzoato sódico) y vitaminas (niacina, ácido pantoténico, b6,b2, b1 y biotina)), pimientos del piquillo, almidón modificado de patata, mostaza elaborada, cebolla en polvo,  espesante: goma xantana, acidulante: ácido cítrico y cayena. Contiene mostaza."],"conservation":" Este producto no necesita frío para su transporte y almacenamiento. Mantener  en ambiente limpio, fresco y seco. Una vez abierto mantener refrigerado y consumir antes de un mes.","ean":"8436536832204"},{"full_name":"HENGSTENBERG salsa de rábano picante frasco 140 g","name":"salsa de rábano picante frasco 140 g","brand":"HENGSTENBERG ","img":"https://sgfm.elcorteingles.es/SGFM/00/94/0/0200117600940/0200117600940000g01011.jpg","price":"2,34 €","price_unit":"(16,71 € / Kilo)","categories":["Supermercado","Alimentación General","Salsas, ketchup y tomate frito","Salsas picantes y tabasco","HENGSTENBERG salsa de rábano picante frasco 140 g"],"general_information":["Denominación del alimento: Rábano rallado","Nombre del operador: Hengstenberg Gmbh & Co. Kg","Dirección del operador: Hengstenberg, D-73726 Esslingen","Cantidad Neta: 145,0 g"],"ingredients":[" Rabano (60%), agua, vinagre, aceite de colza, azucar, espesantes goma guar y garrofin, sal, acidulante acido citrico, antioxidante metabisulfito sodico."],"conservation":" Una vez abierto, conservar en frigorífico.","ean":"4008100167582"},{"full_name":"AMAZON salsa roja picante botella 155 ml","name":"salsa roja picante botella 155 ml","brand":"AMAZON ","img":"https://sgfm.elcorteingles.es/SGFM/dctm/MEDIA03/201710/03/00118017606759____1__600x600.jpg","price":"2,15 €","price_unit":"(13,87 € / Litro)","categories":["Supermercado","Alimentación General","Salsas, ketchup y tomate frito","Salsas picantes y tabasco","AMAZON salsa roja picante botella 155 ml"],"general_information":["Denominación del alimento: Salsa","Nombre del operador: Comercial Masoliver S.A.U.","Dirección del operador: Calle Puntia. 18 - 17857 Begudà (Girona) España","Lugar de procedencia del alimento: 170 - Colombia","Cantidad Neta: 155 Mililitros"],"ingredients":[" Acidulante: Vinagre de caña. pimienta roja Amazon (31.8%). pimienta roja Cayenne (13.1%). sal. espesante: goma xantana. Puede contener trazas de mostaza y sulfitos."],"conservation":" Conservar en lugar fresco y seco.","ean":"7702097145697"},{"full_name":"AMAZON salsa verde picante botella 155 ml","name":"salsa verde picante botella 155 ml","brand":"AMAZON ","img":"https://sgfm.elcorteingles.es/SGFM/dctm/MEDIA03/201710/03/00118017606767____1__600x600.jpg","price":"2,15 €","price_unit":"(13,87 € / Litro)","categories":["Supermercado","Alimentación General","Salsas, ketchup y tomate frito","Salsas picantes y tabasco","AMAZON salsa verde picante botella 155 ml"],"general_information":["Denominación del alimento: Salsa","Nombre del operador: Comercial Masoliver S.A.U.","Dirección del operador: Calle Puntia. 18 - 17857 Begudà (Girona) España","Lugar de procedencia del alimento: 170 - Colombia","Cantidad Neta: 155 Mililitros"],"ingredients":[" Acidulante: Vinagre de caña. pimienta verde Amazon (43.9%). sal. azúcar. espesante: goma xantana. cúrcuma y conservador: bisulfito de sodio. Puede contener trazas de mostaza y sulfitos."],"conservation":" Conservar en lugar fresco y seco.","ean":"7702097145703"},{"full_name":"AMAZON salsa habanero muy picante botella 155 ml","name":"salsa habanero muy picante botella 155 ml","brand":"AMAZON ","img":"https://sgfm.elcorteingles.es/SGFM/dctm/MEDIA03/201710/03/00118017606775____1__600x600.jpg","price":"2,15 €","price_unit":"(13,87 € / Litro)","categories":["Supermercado","Alimentación General","Salsas, ketchup y tomate frito","Salsas picantes y tabasco","AMAZON salsa habanero muy picante botella 155 ml"],"general_information":["Denominación del alimento: Salsa","Nombre del operador: Comercial Masoliver S.A.U.","Dirección del operador: Calle Puntia. 18 - 17857 Begudà (Girona) España","Lugar de procedencia del alimento: 170 - Colombia","Cantidad Neta: 155 Mililitros"],"ingredients":[" Acidulante: vinagre de caña. pimiento Habanero (50%). sal. espesante: goma xantana. Puede contener trazas de mostaza y sulfitos."],"conservation":" Conservar en lugar fresco y seco.","ean":"7702097145710"},{"full_name":"CHOLULA salsa picante original bote 150 ml","name":"salsa picante original bote 150 ml","brand":"CHOLULA ","img":"https://sgfm.elcorteingles.es/SGFM/dctm/MEDIA03/201609/02/00200117605949____1__600x600.jpg","price":"4,35 €","price_unit":"(20,33 € / Kilo)","categories":["Supermercado","Alimentación General","Salsas, ketchup y tomate frito","Salsas picantes y tabasco","CHOLULA salsa picante original bote 150 ml"],"general_information":[],"ingredients":[],"ean":"0049733091015"},{"full_name":"LOUSIANA salsa picante bote 57 ml","name":"salsa picante bote 57 ml","brand":"LOUSIANA ","img":"https://sgfm.elcorteingles.es/SGFM/dctm/MEDIA03/201705/12/00200117605931____1__600x600.jpg","price":"1,98 €","price_unit":"(7,80 € / Kilo)","categories":["Supermercado","Alimentación General","Salsas, ketchup y tomate frito","Salsas picantes y tabasco","LOUSIANA salsa picante bote 57 ml"],"general_information":[],"ingredients":[],"ean":"0190298000124"},{"full_name":"HEINZ salsa César envase 400 ml","name":"salsa César envase 400 ml","brand":"HEINZ ","img":"https://sgfm.elcorteingles.es/SGFM/00/10/6/0118016800106/0118016800106000g01011.jpg","price":"2,18 €","price_unit":"(5,45 € / Litro)","categories":["Supermercado","Alimentación General","Salsas, ketchup y tomate frito","Salsa para ensaladas","HEINZ salsa César envase 400 ml"],"general_information":["Denominación del alimento: Salsa para ensalada Caesar","Nombre del operador: H.J. Heinz Foods Spain S.L.","Dirección del operador: Ctra. Rincón de Soto-Corello km 2,8. 26540 Alfaro (La Rioja)","Cantidad Neta: 400 Mililitros"],"ingredients":[" Aceite de soja (43%), agua, vinagre de vino, azúcar, queso parmesano (3%), yema de huevo, sal, vinagre de alcohol, aromas, acidulante (ácido láctico), semillas de mostaza, ajo en polvo, espesante (goma xantana), conservador (sorbato potásico), colorante (caramelo natural), especias, vinagre de malta (cebada), melaza, cebolla en polvo, anchoa (pescado), tamarindo, antioxidantes (EDTA de calcio  disodio, extracto rico en tocoferoles). Contiene cereales que contienen gluten, huevos y derivados, pescado y derivados, leche y derivados, mostaza y derivados y malta"],"conservation":" Una vez abierto conservar en frigorífico.","ean":"8410066112845"},{"full_name":"HEINZ salsa de queso azul D.O. roquefort envase 400 ml","name":"salsa de queso azul D.O. roquefort envase 400 ml","brand":"HEINZ ","img":"https://sgfm.elcorteingles.es/SGFM/00/09/8/0118016800098/0118016800098000g01011.jpg","price":"2,18 €","price_unit":"(5,45 € / Litro)","categories":["Supermercado","Alimentación General","Salsas, ketchup y tomate frito","Salsa para ensaladas","HEINZ salsa de queso azul D.O. roquefort envase 400 ml"],"general_information":["Denominación del alimento: Salsa para ensalada Blue Cheese","Nombre del operador: H.J. Heinz Foods Spain S.L.","Dirección del operador: Ctra. Rincón de Soto-Corello km 2,8. 26540 Alfaro (La Rioja)","Cantidad Neta: 400 Mililitros"],"ingredients":[" Agua, aceite de soja 35%, azúcar, vinagre de alcohol, queso Roquefort 3,5% (leche), yema de huevo, sal, corrector de acidez (ácido láctico), semillas de mostaza, antioxidantes (EDTA disódico y cálcico, tocoferol), almidón modificado, espesante (goma xantana), conservador (sorbato potásico), aroma, planta aromática. Contiene huevo y derivados, leche y  derivados y mostaza"],"conservation":" Una vez abierto conservar en frigorífico.","ean":"8410066112906"},{"full_name":"HEINZ salsa Nordic miel y mostaza envase 400 ml","name":"salsa Nordic miel y mostaza envase 400 ml","brand":"HEINZ ","img":"https://sgfm.elcorteingles.es/SGFM/00/11/4/0118016800114/0118016800114000g01011.jpg","price":"2,18 €","price_unit":"(5,45 € / Litro)","categories":["Supermercado","Alimentación General","Salsas, ketchup y tomate frito","Salsa para ensaladas","HEINZ salsa Nordic miel y mostaza envase 400 ml"],"general_information":["Denominación del alimento: Salsa para ensalada Miel y Mostaza","Nombre del operador: H.J. Heinz Foods Spain S.L.","Dirección del operador: Ctra. Rincón de Soto-Corello km 2,8. 26540 Alfaro (La Rioja)","Cantidad Neta: 400 Mililitros"],"ingredients":[" Aceite de soja 36%, agua, miel 15%, vinagre de alcohol, yema de huevo, semillas de mostaza 2% (contiene sulfitos), azúcar, sal, espesantes (goma xantana, alginato de sodio), conservador (sorbato potásico), antioxidantes (EDTA disódico y cálcio, tocoferol), aroma (contiene apio y mostaza), colorantes (luteína, caramelo). Contiene huevos y derivados, miel, apio y derivados, mostaza y derivados, sulfitos y derivados"],"conservation":" Una vez abierto conservar en frigorífico.","ean":"8410066112876"},{"full_name":"HEINZ salsa yogurt envase 400 ml","name":"salsa yogurt envase 400 ml","brand":"HEINZ ","img":"https://sgfm.elcorteingles.es/SGFM/00/13/0/0118016800130/0118016800130000g01011.jpg","price":"2,18 €","price_unit":"(5,45 € / Litro)","categories":["Supermercado","Alimentación General","Salsas, ketchup y tomate frito","Salsa para ensaladas","HEINZ salsa yogurt envase 400 ml"],"general_information":["Denominación del alimento: Salsa para ensalada Yogurt","Nombre del operador: H.J. Heinz Foods Spain S.L.","Dirección del operador: Ctra. Rincón de Soto-Corello km 2,8. 26540 Alfaro (La Rioja)","Cantidad Neta: 405 g"],"ingredients":[" Aceite de soja 40%, agua, vinagre de vino,azúcar, leche desnatada fermentada en polvo 3%, yema de huevo, sal, almidón modificado, corrector de acidez (ácido láctico), conservador (sorbato potásico), espesante (goma xantana), especia, plantas aromáticas (cebollino, eneldo), antioxidantes (tocoferol, EDTA disódico y cálcico). Contiene leche y derivados y huevo"],"conservation":" Una vez abierto conservar en frigorífico.","ean":"8410066116805"},{"full_name":"CALVE salsa César frasco 235 ml","name":"salsa César frasco 235 ml","brand":"CALVE ","img":"https://sgfm.elcorteingles.es/SGFM/00/03/1/0118016800031/0118016800031000g01011.jpg","price":"1,55 €","price_unit":"(6,60 € / Litro)","categories":["Supermercado","Alimentación General","Salsas, ketchup y tomate frito","Salsa para ensaladas","CALVE salsa César frasco 235 ml"],"general_information":["Denominación del alimento: Salsa César","Nombre del operador: Unilever España S.A.","Dirección del operador: C/Tecnología 19, 08840 Viladecans (Barcelona)","Cantidad Neta: 235 Mililitros"],"ingredients":[" Agua, Aceite De Girasol (30%), Vinagre De Alcohol, Queso Curado Italiano (5%), Cebolla, Ajo, Yema De Huevo, Azúcar, Sal, Anchoas, Harina De Mostaza, Perejil, Pimienta Negra, Almidón Modificado De Maíz, Acidulante (Ácido Láctico), Espesante (Goma Xantana), Emulgente (E435), Antioxidante (E385)."],"conservation":" Una vez abierto, consérvese en frigorífico.","ean":"8593838938475"},{"full_name":"CALVE mostaza a la miel para ensaladas frasco 235 ml","name":"mostaza a la miel para ensaladas frasco 235 ml","brand":"CALVE ","img":"https://sgfm.elcorteingles.es/SGFM/00/06/4/0118016800064/0118016800064000g01011.jpg","price":"1,55 €","price_unit":"(6,60 € / Litro)","categories":["Supermercado","Alimentación General","Salsas, ketchup y tomate frito","Salsa para ensaladas","CALVE mostaza a la miel para ensaladas frasco 235 ml"],"general_information":[],"ingredients":[],"ean":"8413800084590"},{"full_name":"CALVE salsa yogur botella 235 ml","name":"salsa yogur botella 235 ml","brand":"CALVE ","img":"https://sgfm.elcorteingles.es/SGFM/00/34/6/0118016800346/0118016800346000g01011.jpg","price":"1,55 €","price_unit":"(6,60 € / Litro)","categories":["Supermercado","Alimentación General","Salsas, ketchup y tomate frito","Salsa para ensaladas","CALVE salsa yogur botella 235 ml"],"general_information":[],"ingredients":[],"ean":"8413800073341"},{"full_name":"LIGERESA salsa miel y mostaza envase 450 ml","name":"salsa miel y mostaza envase 450 ml","brand":"LIGERESA ","img":"https://sgfm.elcorteingles.es/SGFM/00/22/1/0118016800221/0118016800221000g01011.jpg","price":"1,78 €            ","price_unit":"(3,93 € / Litro)","categories":["Supermercado","Alimentación General","Salsas, ketchup y tomate frito","Salsa para ensaladas","LIGERESA salsa miel y mostaza envase 450 ml"],"general_information":["Denominación del alimento: Salsa","Nombre del operador: Unilever España S.A.","Dirección del operador: C/Tecnología 19, 08840 Viladecans (Barcelona)","Cantidad Neta: 450 Mililitros"],"ingredients":[" Agua, Aceite De Girasol (12%), Vinagre De Alcohol, Miel (7%), Azúcar, Almidón Modificado De Maíz, Semillas De Mostaza (2%), Sal, Yema De Huevo, Vinagre De Cebada Malteada, Acidulante (Ácido Cítrico), Jarabe De Glucosa-Fructosa, Antioxidante (E385), Zumos Concentrados De Zanahoria Y Limón, Extracto De Cártamo, Aromas, Especias."],"conservation":" Una vez abierto conservar en frigorífico","ean":"8711200502882"},{"full_name":"LIGERESA salsa yogur envase 450 ml","name":"salsa yogur envase 450 ml","brand":"LIGERESA ","img":"https://sgfm.elcorteingles.es/SGFM/00/23/9/0118016800239/0118016800239000g01011.jpg","price":"1,78 €            ","price_unit":"(3,93 € / Litro)","categories":["Supermercado","Alimentación General","Salsas, ketchup y tomate frito","Salsa para ensaladas","LIGERESA salsa yogur envase 450 ml"],"general_information":["Denominación del alimento: Salsa","País de origen: Francia","Nombre del operador: Unilever","Dirección del operador: Unilever España, S.A\nC/ Tecnología 19\n08840 Viladecans (Barcelona)\nAtención al consumidor\n900812511","Cantidad Neta: 450 Mililitros","Número de raciones por envase: 15"],"ingredients":[" Ingredientes: Agua, aceite de girasol (12%), YOGUR desnatado pasteurizado después de la fermentación (11,8%), azúcar, vinagre de alcohol, almidón modificado de maíz, sal, yema de HUEVO, mostaza (agua, semillas de MOSTAZA, vinagre de alcohol, sal, especias, aromas), acidulante (ácido cítrico), espesante (goma xantana), especias, aroma natural, antioxidante (E385)."],"conservation":"Modo de empleo: --","ean":"8711200502424"},{"full_name":"LIGERESA salsa César botella 450 ml","name":"salsa César botella 450 ml","brand":"LIGERESA ","img":"https://sgfm.elcorteingles.es/SGFM/00/26/2/0118016800262/0118016800262000g01011.jpg","price":"1,78 €            ","price_unit":"(3,93 € / Litro)","categories":["Supermercado","Alimentación General","Salsas, ketchup y tomate frito","Salsa para ensaladas","LIGERESA salsa César botella 450 ml"],"general_information":["Denominación del alimento: Salsa César","Nombre del operador: Unilever España S.A.","Dirección del operador: C/Tecnología 19, 08840 Viladecans (Barcelona)","Cantidad Neta: 450 Mililitros"],"ingredients":[" Agua, aceite de girasol (12%), vinagre de alcohol, azúcar, queso curado italiano (4%), leche desnatada en polvo, almidón modificado de maíz, sal, yema de huevo, especias, anchoaS, aroma natural de queso, acidulante (ácido láctico), harina de mostaza, espesante (goma xantana), antioxidante (E385)."],"conservation":" Una Vez Abierto Conservar En Frigorífico","ean":"8712100326219"},{"full_name":"COOSUR salsa César envase 300 ml","name":"salsa César envase 300 ml","brand":"COOSUR ","img":"https://sgfm.elcorteingles.es/SGFM/00/29/6/0118016800296/0118016800296000g01011.jpg","price":"2,50 €            ","price_unit":"(4,50 € / Litro)","categories":["Supermercado","Alimentación General","Salsas, ketchup y tomate frito","Salsa para ensaladas","COOSUR salsa César envase 300 ml"],"general_information":["Denominación del alimento: Salsa Cesar","País de origen: España","Nombre del operador: Aceites del Sur- Coosur S.A.","Dirección del operador: Ctra. La Carolina Km 29. 23220 Vilches (Jaén)","Cantidad Neta: 300 g"],"ingredients":[" Agua, aceite de girasol, queso parmesano,  azúcar, vinagre, sal, almidón modificado de maíz, estabilizantes: goma xantana y carboximetilcelulosa, huevo, cebolla fresca, zumo de limón, mostaza en grano, pasta de anchoas, perejil, acidulante: ácido láctico, leche en polvo desnatada, conservador: sorbato potásico, ajo natural, colorante: caramelo, antioxidante: EDTA, aromas y especias."],"conservation":" Una vez abierto, consérvese en el frigorífico","ean":"8436033823583"},{"full_name":"DOÑA PEPA salsa balsámica al Pedro Ximénez botella 300 g","name":"salsa balsámica al Pedro Ximénez botella 300 g","brand":"DOÑA PEPA ","img":"https://sgfm.elcorteingles.es/SGFM/dctm/MEDIA03/201706/09/00120904400106____1__600x600.jpg","price":"3,99 €","price_unit":"(13,30 € / Kilo)","categories":["Supermercado","Alimentación General","Salsas, ketchup y tomate frito","Salsa para ensaladas","DOÑA PEPA salsa balsámica al Pedro Ximénez botella 300 g"],"general_information":["Denominación del alimento: Salsa balsámica al Pedro Ximénez","Nombre del operador: Bodegas Paez Morilla, S.A.","Dirección del operador: Av. Medina Sidonia 20, 11403 Jerez de la Frontera (Cádiz)","Cantidad Neta: 300,0 g","Otras menciones obligatorias en la etiqueta: Sin gluten"],"ingredients":[" Mosto de uva concentrado y rectificado, caramelo de zumo de uva, vino Pedro Ximénez, vinagre de Jerez, E-150-d, E-415, extracto natural de uvas pasas, concentrado de especias, E-202 y E-220. Contiene sulfitos."],"conservation":" Conservese en lugar fresco y seco. Una vez abierto, conservar en frío.","ean":"8411587800037"},{"full_name":"DOÑA PEPA salsa balsámica de vinagre de Módena botella 300 g","name":"salsa balsámica de vinagre de Módena botella 300 g","brand":"DOÑA PEPA ","img":"https://sgfm.elcorteingles.es/SGFM/dctm/MEDIA03/201706/09/00120904400114____1__600x600.jpg","price":"3,99 €","price_unit":"(13,30 € / Kilo)","categories":["Supermercado","Alimentación General","Salsas, ketchup y tomate frito","Salsa para ensaladas","DOÑA PEPA salsa balsámica de vinagre de Módena botella 300 g"],"general_information":["Denominación del alimento: Salsa balsámica de vinagre de Módena","Nombre del operador: Bodegas Paez Morilla, S.A.","Dirección del operador: Av. Medina Sidonia 20, 11403 Jerez de la Frontera (Cádiz)","Cantidad Neta: 300,0 g","Otras menciones obligatorias en la etiqueta: Sin gluten"],"ingredients":[" Jarabe de glucosa y fructosa, vinagre de vino, vinagre balsámico de Módena, E-150-d, Coadyudante para la caracterización de los vinagres, E-415, E1442, extracto de caramelo, concentrado de especias, E-220 y E-202. Contiene sulfitos."],"conservation":" Conservese en lugar fresco y seco. Una vez abierto, conservar en frío.","ean":"8411587800075"},{"full_name":"KEN'S salsa César envase 454 ml","name":"salsa César envase 454 ml","brand":"KEN'S ","img":"https://sgfm.elcorteingles.es/SGFM/00/32/0/0118016800320/0118016800320000g01011.jpg","price":"5,25 €","price_unit":"(11,56 € / Kilo)","categories":["Supermercado","Alimentación General","Salsas, ketchup y tomate frito","Salsa para ensaladas","KEN'S salsa César envase 454 ml"],"general_information":[],"ingredients":[],"ean":"0041335362197"},{"full_name":"KEN'S salsa miel y mostaza envase 454 ml","name":"salsa miel y mostaza envase 454 ml","brand":"KEN'S ","img":"https://sgfm.elcorteingles.es/SGFM/00/33/8/0118016800338/0118016800338000g01011.jpg","price":"5,25 €","price_unit":"(11,56 € / Kilo)","categories":["Supermercado","Alimentación General","Salsas, ketchup y tomate frito","Salsa para ensaladas","KEN'S salsa miel y mostaza envase 454 ml"],"general_information":["Denominación del alimento: Salsa miel y mostaza","País de origen: Estados Unidos","Nombre del operador: VELDIS, S.A.","Dirección del operador: Calle Puerto de Navacerrada, 59. 28935 Móstoles (Madrid)","Cantidad Neta: 473 Mililitros","Otras menciones obligatorias en la etiqueta: Tartrazina: puede tener efectos negativos sobre la actividad y la atención de los niños."],"ingredients":[" Aceite refinado de soja, vinagre destilado de maíz, azúcar, agua, mostaza de Dijon (7%) (vinagre destilado de maíz, agua, semilla de mostaza, sal, vino blanco, acidulantes: ácido cítrico y ácido tartárico, especias (contienen apio)), miel (5%), yema de huevo pasteurizada, sal, harina de mostaza, espesante: goma xantana, colorante: extracto de pimentón, conservador: EDTA de calcio y disodio, especia, jarabe de glucosa, aroma natural, colorante: tartrazina."],"conservation":" Agitar bien antes de usar. Después de abrir, conservar en el frigorífico","ean":"0041335000341"},{"full_name":"MOLI DE POMERI salsa Xató frasco 185 ml","name":"salsa Xató frasco 185 ml","brand":"MOLI DE POMERI ","img":"https://sgfm.elcorteingles.es/SGFM/dctm/MEDIA02/CONTENIDOS/201502/09/00118017600760____1__600x600.jpg","price":"3,26 €","price_unit":"(17,62 € / Kilo)","categories":["Supermercado","Alimentación General","Salsas, ketchup y tomate frito","Salsa para ensaladas","MOLI DE POMERI salsa Xató frasco 185 ml"],"general_information":["Denominación del alimento: Salsa Xato","Nombre del operador: Selfoods SAU","Dirección del operador: El Rebato s/n 08739 SUBIRATS (Barcelona)","Cantidad Neta: 185 g"],"ingredients":[" Aceite de oliva (35%), tomate natural, almendras y avellanas, pan de harina de trigo, vinagre de chardonnay, cebolla, especias y sal."],"conservation":" Es conveniente almacenar en lugar seco y resguardado de la luz solar. Una vez abierto recomendamos guardar en el frigorífico y consumir en un período no superior a 3 semanas.","ean":"8412766980151"},{"full_name":"KUHNE Salatfix salsa César frasco 250 ml","name":"Salatfix salsa César frasco 250 ml","brand":"KUHNE ","img":"https://sgfm.elcorteingles.es/SGFM/00/07/2/0118016800072/0118016800072000g01011.jpg","price":"2,51 €","price_unit":"(10,04 € / Litro)","categories":["Supermercado","Alimentación General","Salsas, ketchup y tomate frito","Salsa para ensaladas","KUHNE Salatfix salsa César frasco 250 ml"],"general_information":["Denominación del alimento: Aliño","Nombre del operador: Bolton Cile España","Dirección del operador: C/ Ombú nº 3 28045 Madrid, España","Cantidad Neta: 250 Mililitros"],"ingredients":[" Agua, aceite de colza, MANTEQUILLA, vinagre de alcohol, QUESO rallado (4%), ajo (2.4%), sal, jarabe de glucosa-fructosa, yema de HUEVO, suero de LECHE, almidón modificado, azúcar, especias, aroma natural, estabilizantes (goma guar y goma xantana), salsa de SOJA (agua, SOJA, TRIGO y sal), concentrado de zumo de limón"],"ean":"0000040122779"},{"full_name":"KUHNE salsa con mostaza French Dijon frasco 250 ml","name":"salsa con mostaza French Dijon frasco 250 ml","brand":"KUHNE ","img":"https://sgfm.elcorteingles.es/SGFM/00/23/6/0200116800236/0200116800236000g01011.jpg","price":"2,64 €","price_unit":"(10,56 € / Litro)","categories":["Supermercado","Alimentación General","Salsas, ketchup y tomate frito","Salsa para ensaladas","KUHNE salsa con mostaza French Dijon frasco 250 ml"],"general_information":["Denominación del alimento: Aliño","Nombre del operador: Bolton Cile España","Dirección del operador: C/ Ombú nº 3 28045 Madrid, España","Cantidad Neta: 250 Mililitros"],"ingredients":[" Agua, aceite de colza, MOSTAZA (MOSTAZA semifuerte: agua, semilla de MOSTAZA, vinagre de alcohol, sal, especias y MOSTAZA de dijon: agua, semilla de MOSTAZA, vinagre de alcohol, sal, corrector de acidez: ácido cítrico), jarabe de glucosa-fructosa, vinagre de alcohol, vinagre de vino blanco, azúcar, almidón modificado, suero de LECHE, sal, semilla de MOSTAZA, hierbas, aroma (contiene HUEVO, LECHE y derivados de MOSTAZA), harina de TRIGO, yema de HUEVO, ajo, estabilizante (goma xantana)"],"ean":"0000040737249"},{"full_name":"FLORETTE salsa César botella 250 ml","name":"salsa César botella 250 ml","brand":"FLORETTE ","img":"https://sgfm.elcorteingles.es/SGFM/01/48/3/0118160101483/0118160101483000g01011.jpg","price":"1,79 €","price_unit":"(7,16 € / Litro)","categories":["Supermercado","Alimentación General","Salsas, ketchup y tomate frito","Salsa para ensaladas","FLORETTE salsa César botella 250 ml"],"general_information":["Denominación del alimento: Salsa","País de origen: España","Nombre del operador: Vega Mayor S.L.","Dirección del operador: P.I. El Olivo, C/2 nº 1, 31320 Milagro (Navarra)","Cantidad Neta: 250 Mililitros"],"ingredients":[" Agua, aceite vegetal (girasol), vinagre, azúcar, salsa de mostaza (agua, vinagre de alcohol, semillas de mostaza, azúcar, sal, almidón modificado de maíz (E1422), especias, extractos de plantas aromáticas, conservador (E202)), sal, queso en polvo, yema de huevo en polvo, almidón modificado de maíz, acidulante (E330), aromas, conservadores (E202, E211), estabilizante (E415), cebolla en polvo, ajo en polvo, antioxidantes (E385, E320)."],"conservation":" Conservar entre +1°C y +4°C","ean":"8414516079047"},{"full_name":"FLORETTE salsa de tomate y albahaca botella 245 ml","name":"salsa de tomate y albahaca botella 245 ml","brand":"FLORETTE ","img":"https://sgfm.elcorteingles.es/SGFM/dctm/MEDIA02/CONTENIDOS/201508/28/00118160101616____1__600x600.jpg","price":"1,79 €","price_unit":"(7,31 € / Litro)","categories":["Supermercado","Alimentación General","Salsas, ketchup y tomate frito","Salsa para ensaladas","FLORETTE salsa de tomate y albahaca botella 245 ml"],"general_information":["Denominación del alimento: Salsa","País de origen: España","Nombre del operador: Vega Mayor S.L.","Dirección del operador: P.I. El Olivo, C/2 nº 1, 31320 Milagro (Navarra)","Cantidad Neta: 245 Mililitros"],"ingredients":[" Agua, aceite vegetal (girasol), azúcar, concentrado de tomate (2,8%), almidón modificado, pasta de queso, sal, acidulantes (E270, E260), albahaca (0,7%), aroma, conservador (E202), estabilizante (E415), ajo deshidratado, emulsionante (E433), colorante (E160c)"],"conservation":" Conservar entre +1°C y +4°C","ean":"8414516090547"},{"full_name":"FLORETTE salsa módena & miel botella 250 ml","name":"salsa módena & miel botella 250 ml","brand":"FLORETTE ","img":"https://sgfm.elcorteingles.es/SGFM/01/51/7/0118160101517/0118160101517000g01011.jpg","price":"1,79 €","price_unit":"(7,16 € / Litro)","categories":["Supermercado","Alimentación General","Salsas, ketchup y tomate frito","Salsa para ensaladas","FLORETTE salsa módena & miel botella 250 ml"],"general_information":["Denominación del alimento: Salsa","País de origen: España","Nombre del operador: Vega Mayor S.L.","Dirección del operador: P.I. El Olivo, C/2 nº 1, 31320 Milagro (Navarra)","Cantidad Neta: 250 Mililitros"],"ingredients":[" Agua, azúcar, vinagre balsámico de Módena (5%), miel (3%), colorante (E150c), sal, aceite de girasol, acidulante (E260), estabilizante (E415), conservador (E202)."],"conservation":" Conservar entre +1°C y +4°C","ean":"8414516079207"},{"full_name":"FLORETTE salsa gourmet botella 250 ml","name":"salsa gourmet botella 250 ml","brand":"FLORETTE ","img":"https://sgfm.elcorteingles.es/SGFM/01/50/9/0118160101509/0118160101509000g01011.jpg","price":"1,79 €","price_unit":"(7,16 € / Litro)","categories":["Supermercado","Alimentación General","Salsas, ketchup y tomate frito","Salsa para ensaladas","FLORETTE salsa gourmet botella 250 ml"],"general_information":["Denominación del alimento: Salsa","País de origen: España","Nombre del operador: Vega Mayor S.L.","Dirección del operador: P.I. El Olivo, C/2 nº 1, 31320 Milagro (Navarra)","Cantidad Neta: 250 Mililitros"],"ingredients":[" Agua, vinagre 10º, aceite de girasol, salsa de mostaza (agua, vinagre de alcohol, semillas de mostaza, azúcar, sal, almidón modificado de maíz (E1422), especias, extractos de plantas aromáticas, conservador (E202)), azúcar, sal, estabilizantes (E415, E405), conservadores (E202, E211), ajo en polvo, colorante (E150), especia, perejil en hojas, antioxidante (E385)."],"conservation":" Conservar entre +1°C y +4°C","ean":"8414516079085"},{"full_name":"FLORETTE salsa yogurt botella 250 ml","name":"salsa yogurt botella 250 ml","brand":"FLORETTE ","img":"https://sgfm.elcorteingles.es/SGFM/01/49/1/0118160101491/0118160101491000g01011.jpg","price":"1,79 €","price_unit":"(7,16 € / Litro)","categories":["Supermercado","Alimentación General","Salsas, ketchup y tomate frito","Salsa para ensaladas","FLORETTE salsa yogurt botella 250 ml"],"general_information":["Denominación del alimento: Salsa","País de origen: España","Nombre del operador: Vega Mayor S.L.","Dirección del operador: P.I. El Olivo, C/2 nº 1, 31320 Milagro (Navarra)","Cantidad Neta: 250 Mililitros"],"ingredients":[" Agua, aceite de girasol, azúcar, yogurt en polvo (3%), sal, acidulantes (E270, E327, E260), yema de huevo en polvo, almidón modificado de maíz (E1422), zumo de limón, nata en polvo, estabilizante (E415), conservador (E202), eneldo, colorante (E171), antioxidante (E385)"],"conservation":" Conservar entre +1°C y +4°C","ean":"8414516079061"},{"full_name":"FLORETTE salsa de miel y mostaza botella 250 ml","name":"salsa de miel y mostaza botella 250 ml","brand":"FLORETTE ","img":"https://sgfm.elcorteingles.es/SGFM/dctm/MEDIA03/201709/25/00118160102051____1__600x600.jpg","price":"1,79 €","price_unit":"(7,16 € / Litro)","categories":["Supermercado","Alimentación General","Salsas, ketchup y tomate frito","Salsa para ensaladas","FLORETTE salsa de miel y mostaza botella 250 ml"],"general_information":["Denominación del alimento: Salsa","País de origen: España","Nombre del operador: Vega Mayor S.L.","Dirección del operador: P.I. El Olivo, C/2 nº 1, 31320 Milagro (Navarra)","Cantidad Neta: 250 Mililitros"],"ingredients":[" Agua, dextrosa, aceite vegetal (girasol), vinagre de sidra, miel (5%), mostaza Dijón (2,5%) (agua, semillas de mostaza (0,82%), vinagre, sal), almidón modificado (maíz), sal, salsa de soja, (agua, soja, trigo, sal), especia (0,3%) (mostaza), conservadores (E202, E211), colorante (E150d), acidulante (E330), estabilizante (E415), emulgente (E433)."],"conservation":" Conservar entre +1°C y +4°C","ean":"8414516107160"},{"full_name":"REMIA salsa dressing envase 400 ml","name":"salsa dressing envase 400 ml","brand":"REMIA ","img":"https://sgfm.elcorteingles.es/SGFM/dctm/MEDIA02/CONTENIDOS/201412/10/00200116800103____1__600x600.jpg","price":"3,84 €","price_unit":"(9,60 € / Litro)","categories":["Supermercado","Alimentación General","Salsas, ketchup y tomate frito","Salsa para ensaladas","REMIA salsa dressing envase 400 ml"],"general_information":[],"ingredients":[],"ean":"8710448683902"},{"full_name":"EL CORTE INGLES salsa cóctel envase 300 ml","name":"salsa cóctel envase 300 ml","brand":"EL CORTE INGLES ","img":"https://sgfm.elcorteingles.es/SGFM/dctm/MEDIA03/201709/25/00118016900518____1__600x600.jpg","price":"0,91 €            ","price_unit":"(2,90 € / Litro)","categories":["Supermercado","Alimentación General","Salsas, ketchup y tomate frito","Salsa pescados y mariscos","EL CORTE INGLES salsa cóctel envase 300 ml"],"general_information":["Denominación del alimento: SALSA COCKTAIL","Nombre del operador: Elaborado para El Corte Inglés por Aliminter S.A. C/Río Segura nº9 30562 Ceutí (Murcia) - España","Cantidad Neta: 300 Mililitros"],"ingredients":[" Ingredientes: aceite de girasol, agua, concentrado de tomate, azúcar, vinagre de vino, yema de huevo, sal, zumo de limón, estabilizantes: E-415, E-412, cebolla, ajo"],"conservation":" Conervar en lugar fresco y seco alejado de la luz. Una vez abierto conservar en el frigorífico.","ean":"8433329075596"},{"full_name":"YBARRA salsa cóctel envase 300 ml","name":"salsa cóctel envase 300 ml","brand":"YBARRA ","img":"https://sgfm.elcorteingles.es/SGFM/dctm/MEDIA03/201606/22/00118016900476____2__600x600.jpg","price":"1,54 €            ","categories":["Supermercado","Alimentación General","Salsas, ketchup y tomate frito","Salsa pescados y mariscos","YBARRA salsa cóctel envase 300 ml"],"general_information":["Denominación del alimento: Salsa de Mesa","Nombre del operador: Empresa Alimentación YBARRA","Dirección del operador: Carretera Isla Menor, km. 1,8. 41703 Dos Hermanas (Sevilla)","Cantidad Neta: 300 Mililitros"],"ingredients":[" Aceite de girasol, puré de tomate, azúcar, yema de huevo, vinagre de vino, sal, almidón modificado de maíz, zumo de limón concentrado, estabilizantes (goma garrofin, goma guar, goma xantana y pectinas), conservador (sorbato potásico), aromas y antioxidante (EDTA)."],"conservation":" Preservar del calor y del exceso de luz","ean":"8410086351439"},{"full_name":"YBARRA salsa tártara envase 300 ml","name":"salsa tártara envase 300 ml","brand":"YBARRA ","img":"https://sgfm.elcorteingles.es/SGFM/dctm/MEDIA03/201604/27/00200117606004____1__600x600.jpg","price":"2,04 €","categories":["Supermercado","Alimentación General","Salsas, ketchup y tomate frito","Salsa pescados y mariscos","YBARRA salsa tártara envase 300 ml"],"general_information":["Denominación del alimento: Salsa Tártara","Nombre del operador: Grupo Ybarra Alimentación, S,L.","Dirección del operador: Carretera Isla Menor, km. 1,8. 41703 Dos Hermanas","Cantidad Neta: 300 Mililitros"],"ingredients":[" Aceite de girasol, agua, mostaza (agua, vinagre, mostaza, azúcares y sal), cebolla, azúcar, proteínas de leche, almidón modificado de maíz, vinagre de vino, alcaparras, sal, pepinillos, aromas, estabilizantes (goma de garrofín y pectinas), conservador (sorbato potásico), zumo de limón concentrado, perejil."],"conservation":" Conservar en lugar fresco y seco. No congelar. Una vez abierto, conservar bien cerrado en el frigorífico.","ean":"8410086371536"},{"full_name":"CALVE salsa cóctel frasco 225 ml","name":"salsa cóctel frasco 225 ml","brand":"CALVE ","img":"https://sgfm.elcorteingles.es/SGFM/dctm/MEDIA02/CONTENIDOS/201506/22/00118016900344____1__600x600.jpg","price":"1,20 €","price_unit":"(5,33 € / Kilo)","categories":["Supermercado","Alimentación General","Salsas, ketchup y tomate frito","Salsa pescados y mariscos","CALVE salsa cóctel frasco 225 ml"],"general_information":["Denominación del alimento: Salsa Cocktail","Nombre del operador: Unilever España S.A.","Dirección del operador: C/Tecnología 19, 08840 Viladecans (Barcelona)","Cantidad Neta: 225 Mililitros"],"ingredients":[" Puré de tomate (31%), aceite de soja, agua, vinagre de alcohol, azúcar, yema de huevo, almidón modificado de maíz, jarabe de glucosa deshidratado, mostaza (agua, semillas de mostaza, vinagre de alcohol, sal, especias, aromas), sal, salsa Worcester (agua, jarabe de glucosa, vinagre de cebada malteada, azúcar, sal aromas, extracto de cebolla, anchoas, aceite de oliva refinado, vinagre de vino, zumo de limón concentrado, especias, hierbas aromáticas, aceite de girasol), whisky escocés (0.5%), pimentón, conservador (ácido sórbico), aromas (contienen gluten, leche)."],"conservation":" Una vez abierta, consérvese en el frigorífico","ean":"8712566388943"},{"full_name":"CALVE salsa rosa frasco 225 ml","name":"salsa rosa frasco 225 ml","brand":"CALVE ","img":"https://sgfm.elcorteingles.es/SGFM/dctm/MEDIA02/CONTENIDOS/201506/22/00118016900336____1__600x600.jpg","price":"1,20 €","price_unit":"(5,33 € / Litro)","categories":["Supermercado","Alimentación General","Salsas, ketchup y tomate frito","Salsa pescados y mariscos","CALVE salsa rosa frasco 225 ml"],"general_information":["Denominación del alimento: Salsa Rosa","Nombre del operador: Unilever España S.A.","Dirección del operador: C/Tecnología 19, 08840 Viladecans (Barcelona)","Cantidad Neta: 225 Mililitros"],"ingredients":[" Aceite de soja, puré de tomate y tomate concentrado (60 g puré de tomate para elaborar 100 g de producto), vinagre de alcohol, azúcar, yema de huevo, jarabe de glucosa deshidratado, whisky, sal, almidón modificado de maíz, especias (contienen mostaza), aromas, vinagre de cebada malteada, anchoa, aceite de oliva, vinagre de vino, zumo de limón concentrado, plantas aromáticas, aceite de girasol."],"conservation":" -","ean":"8718114782638"},{"full_name":"CALVE salsa tártara frasco 225 ml","name":"salsa tártara frasco 225 ml","brand":"CALVE ","img":"https://sgfm.elcorteingles.es/SGFM/dctm/MEDIA02/CONTENIDOS/201506/22/00118016900302____1__600x600.jpg","price":"1,23 €","price_unit":"(5,47 € / Litro)","categories":["Supermercado","Alimentación General","Salsas, ketchup y tomate frito","Salsa pescados y mariscos","CALVE salsa tártara frasco 225 ml"],"general_information":["Denominación del alimento: Salsa Tártara","Nombre del operador: Unilever España S.A.","Dirección del operador: C/Tecnología 19, 08840 Viladecans (Barcelona)","Cantidad Neta: 227 g"],"ingredients":[" Aceite de girasol, agua, hortalizas (10%) (cebolla, pepinillo, perejil), vinagre de alcohol, mostaza (5%)(agua, semillas de mostaza(20%), vinagre de alcohol, sal, aromas, especias), azúcar, yema de huevo, sal, jarabe de glucosa deshidratado, almidón modificado de maíz, acidulante (ácido láctico), zumo de limón concentrado, aromas naturales, conservador (sorbato potásico), espesante (goma xantana), colorante (carotenos)."],"conservation":" Una Vez Abierta, Consérvese En Frigorífico","ean":"8718114782683"},{"full_name":"YBARRA salsa cóctel frasco 450 ml","name":"salsa cóctel frasco 450 ml","brand":"YBARRA ","img":"https://sgfm.elcorteingles.es/SGFM/dctm/MEDIA03/201705/24/00118016900112____2__600x600.jpg","price":"1,55 €            ","price_unit":"(3,38 € / Litro)","categories":["Supermercado","Alimentación General","Salsas, ketchup y tomate frito","Salsa pescados y mariscos","YBARRA salsa cóctel frasco 450 ml"],"general_information":[],"ingredients":[],"ean":"8410086351378"},{"full_name":"YBARRA salsa cóctel frasco 225 ml","name":"salsa cóctel frasco 225 ml","brand":"YBARRA ","img":"https://sgfm.elcorteingles.es/SGFM/00/05/4/0118016900054/0118016900054000g01011.jpg","price":"1,04 €            ","price_unit":"(4,40 € / Litro)","categories":["Supermercado","Alimentación General","Salsas, ketchup y tomate frito","Salsa pescados y mariscos","YBARRA salsa cóctel frasco 225 ml"],"general_information":[],"ingredients":[],"ean":"8410086360035"},{"full_name":"DRUVAN salsa de eneldo especial para salmón frasco 200 ml","name":"salsa de eneldo especial para salmón frasco 200 ml","brand":"DRUVAN ","img":"https://sgfm.elcorteingles.es/SGFM/00/13/8/0118016900138/0118016900138000g01011.jpg","price":"2,07 €            ","price_unit":"(9,25 € / Kilo)","categories":["Supermercado","Alimentación General","Salsas, ketchup y tomate frito","Salsa pescados y mariscos","DRUVAN salsa de eneldo especial para salmón frasco 200 ml"],"general_information":["Denominación del alimento: Salsa de eneldo para salmón y pescados","Nombre del operador: O.KAVLI AB","Dirección del operador: Box 130 -  Armborstvägen, 7 - 125 21 - Älvsjö ,  Suecia","Cantidad Neta: 200 g"],"ingredients":[" Agua, aceite de colza, azúcar, semillas de mostaza, alcohol de vinagre, vinagre, eneldo, almidón modificado, sal (0,8%), especias (incluida canela y cilantro), aroma, colorante (E101, E106a). ALERGENOS: Contiene Mostaza y derivados."],"conservation":" Una vez abierto el envase se debe guardar en el refrigerador","ean":"7310158800104"},{"full_name":"DIDDEN salsa béarnaise bote 300 g","name":"salsa béarnaise bote 300 g","brand":"DIDDEN ","img":"https://sgfm.elcorteingles.es/SGFM/dctm/MEDIA03/201705/17/00118017606353____1__600x600.jpg","price":"2,75 €","categories":["Supermercado","Alimentación General","Salsas, ketchup y tomate frito","Salsa pescados y mariscos","DIDDEN salsa béarnaise bote 300 g"],"general_information":[],"ingredients":[],"ean":"5410951004913"},{"full_name":"FELIUBADALO salsa romesco botella 180 ml","name":"salsa romesco botella 180 ml","brand":"FELIUBADALO ","img":"https://sgfm.elcorteingles.es/SGFM/dctm/MEDIA02/CONTENIDOS/201410/14/00118017600521____1__600x600.jpg","price":"2,09 €","price_unit":"(11,61 € / Kilo)","categories":["Supermercado","Alimentación General","Salsas, ketchup y tomate frito","Salsa pescados y mariscos","FELIUBADALO salsa romesco botella 180 ml"],"general_information":["Denominación del alimento: Salsa romesco","Nombre del operador: F&F Eurofoods","Dirección del operador: C/Gran Vía Cralos III,84 Edif.Trade,Torre Sur,1º4ª, 08280 Barcelona","Cantidad Neta: 180 Mililitros"],"ingredients":[" Tomate, aceite de girasol, vinagre de vino, aceite de oliva virgen extra, especias y sal."],"ean":"8414203100108"},{"full_name":"MUSA salsa rosa frasco 225 ml","name":"salsa rosa frasco 225 ml","brand":"MUSA ","img":"https://sgfm.elcorteingles.es/SGFM/00/09/6/0118016900096/0118016900096000g01011.jpg","price":"1,35 €","price_unit":"(6 € / Litro)","categories":["Supermercado","Alimentación General","Salsas, ketchup y tomate frito","Salsa pescados y mariscos","MUSA salsa rosa frasco 225 ml"],"general_information":["Denominación del alimento: Salsa cocktail","Nombre del operador: Agroalimentaria Musa S.L.","Dirección del operador: Ctra. N-IV, km,389 - 14610 Alcolea -Córdoba","Cantidad Neta: 225 Mililitros","Otras menciones obligatorias en la etiqueta: contiene HUEVO y MOSTAZA"],"ingredients":[" Aceite de girasol, agua, concentrado de tomate (tomate y ácido cítrico), vinagre de vino, YEMA DE HUEVO, azúcar, almidón modificado de maíz, almidón de maíz, sal, MOSTAZA, aromas, conservadores: sorbato potásico y benzoato sódico, acidulante: ácido láctico, antioxidantes: edta."],"conservation":" Una vez abierto, consérvese en el frigorífico.","ean":"8431594004006"},{"full_name":"HEINZ salsa cóctel envase 220 ml","name":"salsa cóctel envase 220 ml","brand":"HEINZ ","img":"https://sgfm.elcorteingles.es/SGFM/00/24/5/0118016900245/0118016900245000g01011.jpg","price":"1,82 €","price_unit":"(8,27 € / Litro)","categories":["Supermercado","Alimentación General","Salsas, ketchup y tomate frito","Salsa pescados y mariscos","HEINZ salsa cóctel envase 220 ml"],"general_information":["Denominación del alimento: Salsa cocktail","Nombre del operador: H.J. Heinz Foods Spin S.L.","Dirección del operador: Ctra. Rincón de Soto-Corello km 2,8. 26540 Alfaro (La Rioja)","Cantidad Neta: 220 Mililitros"],"ingredients":[" Aceite vegetal (30%), agua, azúcar, vinagre, tomate puro 7%, crema, zumo de limón, almidón modificado, yema de huevo, jerez, cognac, semillas de mostaza, conservantes, espesador (chicle xanthan), especias, extracto de hierbas, antioxidante (calcio disodio EDTA). Contiene maíz, lactosa, huevo, proteinas de leche, apio y mostaza"],"conservation":" Una vez abierto conservar en frigorífico.","ean":"8715700411361"},{"full_name":"COOSUR salsa rosa cóctel frasco 300 ml","name":"salsa rosa cóctel frasco 300 ml","brand":"COOSUR ","img":"https://sgfm.elcorteingles.es/SGFM/00/41/9/0118016900419/0118016900419000g01011.jpg","price":"2,10 €            ","price_unit":"(4,50 € / Litro)","categories":["Supermercado","Alimentación General","Salsas, ketchup y tomate frito","Salsa pescados y mariscos","COOSUR salsa rosa cóctel frasco 300 ml"],"general_information":["Denominación del alimento: Salsa Rosa","País de origen: España","Nombre del operador: Aceites del Sur- Coosur S.A.","Dirección del operador: Ctra. La Carolina Km 29. 23220 Vilches (Jaén)","Cantidad Neta: 450 Mililitros"],"ingredients":[" Aceite de girasol, agua, concentrado de tomate, vinagre, azúcar, huevo, sal, almidón modificado de maíz, acidulante: ácido láctico, conservador: sorbato potásico, estabilizantes: goma guar y goma xantana, antioxidante: EDTA, y aromas."],"conservation":" Una vez abierto, consérvese en el frigorífico","ean":"8436033825143"},{"full_name":"LES METS PROVENCE salsa tártara frasco 90 g","name":"salsa tártara frasco 90 g","brand":"LES METS PROVENCE ","img":"https://sgfm.elcorteingles.es/SGFM/dctm/MEDIA03/201611/04/00118017606437____1__600x600.jpg","price":"2,19 €            ","price_unit":"(21,67 € / Kilo)","categories":["Supermercado","Alimentación General","Salsas, ketchup y tomate frito","Salsa pescados y mariscos","LES METS PROVENCE salsa tártara frasco 90 g"],"general_information":["Denominación del alimento: Salsa tártara.","Nombre del operador: VELDIS, S.A.","Dirección del operador: C/Puerto de Navacerrada, 59, 28935 Móstoles (Madrid).","Cantidad Neta: 90 g"],"ingredients":[" Aceite de girasol, leche, huevo duro, alcaparra, pepinillo, yema de huevo, vinagre de vino blanco, azúcar, mostaza (agua, semillas de mostaza, vinagre de alcohol, sal, acidulante: ácido cítrico), concentrado de limón, perejil, sal, chalote, ajo, espesante: goma xantana y goma guar."],"conservation":" Conservar a temperatura ambiente. Una vez abierto, conservar en el frigorífico y consumir rápidamente.","ean":"3337730903729"},{"full_name":"LES METS PROVENCE salsa bearnesa frasco 90 g","name":"salsa bearnesa frasco 90 g","brand":"LES METS PROVENCE ","img":"https://sgfm.elcorteingles.es/SGFM/dctm/MEDIA03/201611/04/00118017606429____1__600x600.jpg","price":"1,95 €","price_unit":"(21,67 € / Kilo)","categories":["Supermercado","Alimentación General","Salsas, ketchup y tomate frito","Salsa pescados y mariscos","LES METS PROVENCE salsa bearnesa frasco 90 g"],"general_information":["Denominación del alimento: Salsa bearnesa.","Nombre del operador: VELDIS, S.A.","Dirección del operador: C/Puerto de Navacerrada, 59, 28935 Móstoles (Madrid).","Cantidad Neta: 90 g"],"ingredients":[" Aceite de girasol, leche, vinagre de vino blanco, mostaza (agua, semillas de mostaza, vinagre de alcohol, sal, acidulante: ácido cítrico), yema de huevo, perejil, estragón, concentrado de limón, azúcar, sal, cebolleta, espesante: goma xantana y goma guar, tomillo, laurel."],"conservation":" Conservar a temperatura ambiente. Una vez abierto, conservar en el frigorífico y consumir rápidamente.","ean":"3337730001418"},{"full_name":"DOMINGUEZ salsa fresca nórdica especial para salmón tarro 180 g","name":"salsa fresca nórdica especial para salmón tarro 180 g","brand":"DOMINGUEZ ","img":"https://sgfm.elcorteingles.es/SGFM/dctm/MEDIA03/201609/27/00118850600752____1__600x600.jpg","price":"2,75 €","price_unit":"(14,86 € / Litro)","categories":["Supermercado","Alimentación General","Salsas, ketchup y tomate frito","Salsa pescados y mariscos","DOMINGUEZ salsa fresca nórdica especial para salmón tarro 180 g"],"general_information":["Denominación del alimento: Salsa de fresca","Nombre del operador: Ahumados Dominguez, S.A.","Dirección del operador: C/ Laguna 12 , P.I. Urtinsa - 28923 Alcorcón - Madrid - España","Cantidad Neta: 180 g"],"ingredients":[" Mahonesa (aceite de soja, huevo, agua, vinagre de vino, azúcar, sal, limón concentrado, aromas, antioxidante E-385, colorante; extracto de pimentón), Salsa suave (agua, aceite de soja, almidón de trigo, vinagre de vino, yema de huevo, azúcar, sal, maltrodextrina, almidón modificado de maiz, espesantes E-410, E-412, conservador E-200, Colorante E-160a, aroma (contiene mostaza)), Cebolla y Alcaparra (acidulante E-260, endurecedor E-559 y antioxidante E-300)."],"conservation":" Conservar en refrigeración (entre 0°C y 5°C).","ean":"8410662007019"},{"full_name":"DOMINGUEZ salsa fresca de eneldo al toque de mostaza y miel envase 180 g","name":"salsa fresca de eneldo al toque de mostaza y miel envase 180 g","brand":"DOMINGUEZ ","img":"https://sgfm.elcorteingles.es/SGFM/dctm/MEDIA03/201609/27/00118850600778____1__600x600.jpg","price":"2,75 €","price_unit":"(14,86 € / Litro)","categories":["Supermercado","Alimentación General","Salsas, ketchup y tomate frito","Salsa pescados y mariscos","DOMINGUEZ salsa fresca de eneldo al toque de mostaza y miel envase 180 g"],"general_information":["Denominación del alimento: Salsa de fresca eneldo","Nombre del operador: Ahumados Dominguez, S.A.","Dirección del operador: C/ Laguna 12 , P.I. Urtinsa - 28923 Alcorcón - Madrid - España","Cantidad Neta: 180 g"],"ingredients":[" Mahonesa (aceite de soja, huevo, agua, vinagre de vino, azúcar, sal, limón concentrado, aromas, antioxidante E-385, colorante; extracto de pimentón), Salsa suave (agua, aceite de soja, almidón de trigo, vinagre de vino, yema de huevo, azúcar, sal, maltrodextrina, almidón modificado de maiz, espesantes E-410, E-412, conservador E-200, Colorante E-160a, aroma (contiene mostaza)), Miel 6%, Cebolla,Mostaza 1,5% (agua, vinagre de vino, sal, Acidulante E-330, Conservador E-224) y Eneldo 0.5%."],"conservation":" Conservar en refrigeración (entre 0°C y 5°C).","ean":"8410662007033"},{"full_name":"MONTEALBOR salsa verde frasco 180 g","name":"salsa verde frasco 180 g","brand":"MONTEALBOR ","img":"https://sgfm.elcorteingles.es/SGFM/dctm/MEDIA03/201602/25/00200117604892____1__600x600.jpg","price":"2,15 €","price_unit":"(11,94 € / Kilo)","categories":["Supermercado","Alimentación General","Salsas, ketchup y tomate frito","Salsa pescados y mariscos","MONTEALBOR salsa verde frasco 180 g"],"general_information":["Denominación del alimento: Salsa Verde","Nombre del operador: Montealbor Alimentación S.A.","Dirección del operador: Pol. Ind. La Red Sur, calle 17, nº 34 41500 Alcalá de Guadaira, Sevilla","Cantidad Neta: 180 g","Otras menciones obligatorias en la etiqueta: Contiene SULFITOS naturalmente presentes. Puede contener trazas de SOJA. Sin gluten. Sin leche ni derivados. Sin colorantes. Sin conservantes. Sin azúcares añadidos. ."],"ingredients":[" Aceite de girasol, ajo (SULFITOS\nnaturalmente presentes), perejil, sal y fibra vegetal."],"conservation":" Una vez abierto conservar en frigorífico.","ean":"8422061008405"},{"full_name":"A´GALLEGA salsa ideal para pescado frasco 309 ml","name":"salsa ideal para pescado frasco 309 ml","brand":"A´GALLEGA ","img":"https://sgfm.elcorteingles.es/SGFM/dctm/MEDIA03/201710/25/00118016900542____1__600x600.jpg","price":"3,75 €","price_unit":"(12,14 € / Litro)","categories":["Supermercado","Alimentación General","Salsas, ketchup y tomate frito","Salsa pescados y mariscos","A´GALLEGA salsa ideal para pescado frasco 309 ml"],"general_information":[],"ingredients":[],"ean":"8410026482261"},{"full_name":"CASA MAS salsa alioli envase 100 g","name":"salsa alioli envase 100 g","brand":"CASA MAS ","img":"https://sgfm.elcorteingles.es/SGFM/dctm/MEDIA03/201711/07/00118850601354____1__600x600.jpg","price":"1,42 €","price_unit":"(14,20 € / Kilo)","categories":["Supermercado","Alimentación General","Salsas, ketchup y tomate frito","Salsas frescas","CASA MAS salsa alioli envase 100 g"],"general_information":[],"ingredients":[],"ean":"8437002667030"},{"full_name":"PRESIDENT salsa bechamel fresca pack 2 envases 25 cl","name":"salsa bechamel fresca pack 2 envases 25 cl","brand":"PRESIDENT ","img":"https://sgfm.elcorteingles.es/SGFM/00/42/6/0201050600426/0201050600426000g01011.jpg","price":"2,40 €","price_unit":"(9,60 € / Litro)","categories":["Supermercado","Alimentación General","Salsas, ketchup y tomate frito","Salsa bechamel","PRESIDENT salsa bechamel fresca pack 2 envases 25 cl"],"general_information":["Denominación del alimento: Salsa Bechamel esterilizada UHT","Nombre del operador: Lactalis Forlasa S.L.U.","Dirección del operador: LB&C-Les PLACIS 35230 Bourgbarré France","Cantidad Neta: 40 Centilitros"],"ingredients":[" Leche entera, nata(14%) (leche), almidón modificado, sal, estabilizantes: goma de xantana, carrogenatos."],"ean":"3155251329244"},{"full_name":"PARMALAT salsa bechamel envase 500 ml","name":"salsa bechamel envase 500 ml","brand":"PARMALAT ","img":"https://sgfm.elcorteingles.es/SGFM/01/17/2/0118038401172/0118038401172000g01011.jpg","price":"1,99 €","price_unit":"(3,98 € / Litro)","categories":["Supermercado","Alimentación General","Salsas, ketchup y tomate frito","Salsa bechamel","PARMALAT salsa bechamel envase 500 ml"],"general_information":["Denominación del alimento: BECHAMEL LÁCTEA CON 10% M.G.. Producto UHT.","Nombre del operador: VELDIS, S.A.","Dirección del operador: C/Puerto de Navacerrada, 59, 28935 Móstoles (Madrid).","Cantidad Neta: 50 Centilitros","Otras menciones obligatorias en la etiqueta: REGISTRO SANITARIO FABRICANTE: PT RLT 12 CE"],"ingredients":[" Leche 62%, nata 24%, harina de trigo, almidón de maíz, sal."],"ean":"5603089000661"},{"full_name":"PARMALAT salsa bechamel light envase 500 ml","name":"salsa bechamel light envase 500 ml","brand":"PARMALAT ","img":"https://sgfm.elcorteingles.es/SGFM/01/23/0/0118038401230/0118038401230000g01011.jpg","price":"1,99 €","price_unit":"(3,98 € / Litro)","categories":["Supermercado","Alimentación General","Salsas, ketchup y tomate frito","Salsa bechamel","PARMALAT salsa bechamel light envase 500 ml"],"general_information":["Denominación del alimento: Bechamel láctea con 5% materia grasa UHT.","Nombre del operador: VELDIS, S.A.","Dirección del operador: C/Puerto de Navacerrada, 59, 28935 Móstoles (Madrid).","Cantidad Neta: 50 Centilitros","Otras menciones obligatorias en la etiqueta: REGISTRO SANITARIO FABRICANTE: PT RLT 12 CE"],"ingredients":[" Leche 77%, nata 7%, harina de trigo, almidón de maíz y sal."],"conservation":" Conservar a temperatura ambiente. Una vez abierto, conservar 3/4 días en el frigorífico.","ean":"5603089003303"},{"full_name":"KNORR salsa bechamel envase 500 ml","name":"salsa bechamel envase 500 ml","brand":"KNORR ","img":"https://sgfm.elcorteingles.es/SGFM/dctm/MEDIA03/201707/28/00118038401214____6__600x600.jpg","price":"1,99 €","price_unit":"(3,98 € / Litro)","categories":["Supermercado","Alimentación General","Salsas, ketchup y tomate frito","Salsa bechamel","KNORR salsa bechamel envase 500 ml"],"general_information":["Denominación del alimento: Salsa bechamel","País de origen: Italia","Nombre del operador: Unilever","Dirección del operador: Unilever España, S.A\nC/ Tecnología 19,\n08840 Viladecans (Barcelona)\n\nSERVICIO DE ATENCIÓN AL CONSUMIDOR\n<Icono teléfono> 900 812 511","Cantidad Neta: 500 Mililitros","Número de raciones por envase: 4"],"ingredients":[" Ingredientes: LECHE entera (93%), almidón modificado de maíz, sal, proteínas de la LECHE, NATA (0,5%), espesantes (metilcelulosa, goma guar, goma garrofin), aromas naturales."],"conservation":"Modo de empleo: Modo de empleo:1. Para calentar:Verter la salsa en una sartén antiadherente y remover durante 2 ó 3 minutos sin que llegue a hervir. Verter directamente sobre la pasta o verdura.2. Para gratinar:Verter el contenido del brik directamente sobre el plato preparado en una fuente apta para horno. Meter al horno siguiendo las instrucciones: Horno a gas: 220ºC 10-15 min. Horno Eléctrico: 200ºC 10-15 min. Microondas 500W: 15 min. + 5 min. Grill.El consejo del ChefColiflor Gratinada con Bacon1 coliflor200 g de taquitos de BaconQueso rallado al gusto1 brik de Salsa Bechamel Knorr1. Limpiamos, cortamos y hervimos la coliflor durante 15 min.2. En una bandeja de hornear, ponemos la coliflor y la cubrimos con la Bechamel Knorr ya preparada.3. Añadimos el bacon y queso rallado. Horneamos durante 8 min. A 180º y gratinamos durante 4 min. más.","ean":"8718114850337"},{"full_name":"GALLINA BLANCA salsa para gratinar bechamel al horno sobre 39 g","name":"salsa para gratinar bechamel al horno sobre 39 g","brand":"GALLINA BLANCA ","img":"https://sgfm.elcorteingles.es/SGFM/00/08/6/0118001400086/0118001400086000g01011.jpg","price":"0,99 €","price_unit":"(25,38 € / Kilo)","categories":["Supermercado","Alimentación General","Salsas, ketchup y tomate frito","Salsa bechamel","GALLINA BLANCA salsa para gratinar bechamel al horno sobre 39 g"],"general_information":["Denominación del alimento: Salsa deshidratada Bechamel","Nombre del operador: Gallina Blanca, S.A.","Dirección del operador: Plaza Europa 41, 08908 - Hospitalet de Llobregat (Barcelona)","Cantidad Neta: 39 g","Número de raciones por envase: 4"],"ingredients":[" Harina de trigo, maltodextrina, suero de leche, grasa vegetal de palma, lactosa, sal, cebolla, queso, aceite de oliva, aromas (con soja), proteinas de la leche, plantas aromáticas. Puede contener trazas de huevo, apio, pescado y crustáceos."],"conservation":" Conservar en lugar fresco y seco.","ean":"8410300348351"},{"full_name":"SANTA TERESA salsa bechamel fresca envase 500 ml","name":"salsa bechamel fresca envase 500 ml","brand":"SANTA TERESA ","img":"https://sgfm.elcorteingles.es/SGFM/00/60/8/0201050600608/0201050600608000g01011.jpg","price":"4,39 €","price_unit":"(8,78 € / Litro)","categories":["Supermercado","Alimentación General","Salsas, ketchup y tomate frito","Salsa bechamel","SANTA TERESA salsa bechamel fresca envase 500 ml"],"general_information":["Denominación del alimento: Bechamel","Nombre del operador: Yemas de Santa Teresa, S.A.","Dirección del operador: Pol. Ind. Las Hervencias, Parcelas 3-4 y 3-5. 05004 ÁVILA","Lugar de procedencia del alimento: Ávila, Castilla y León, España.","Cantidad Neta: 500 Mililitros"],"ingredients":[" Leche, mantequilla (nata y fermento lácticos), harina de trigo, almidón de maíz, aceite de oliva virgen extra 0,7%, sal y especias"],"conservation":" 6 meses a temperaturas de refrigeración entre 0-5ºC","ean":"8422237254094"},{"full_name":"CALVE salsa ali oli especial carne frasco 225 ml","name":"salsa ali oli especial carne frasco 225 ml","brand":"CALVE ","img":"https://sgfm.elcorteingles.es/SGFM/dctm/MEDIA02/CONTENIDOS/201506/22/00118016900427____1__600x600.jpg","price":"1,25 €","price_unit":"(5,56 € / Litro)","categories":["Supermercado","Alimentación General","Salsas, ketchup y tomate frito","Salsas usos diversos","CALVE salsa ali oli especial carne frasco 225 ml"],"general_information":["Denominación del alimento: Salsa Alioli","Nombre del operador: Unilever España S.A.","Dirección del operador: C/Tecnología 19, 08840 Viladecans (Barcelona)","Cantidad Neta: 214 g"],"ingredients":[" Aceite de soja (76%), agua, ajo (6,3%), yema de huevo, vinagre de vino blanco, sal, aroma natural de ajo."],"conservation":" Una Vez Abierta, Consérvese En Frigorífico","ean":"8718114782577"},{"full_name":"TRACKLEM salsa de menta concentrada tarro 180 g","name":"salsa de menta concentrada tarro 180 g","brand":"TRACKLEM ","img":"https://sgfm.elcorteingles.es/SGFM/dctm/MEDIA02/CONTENIDOS/201412/10/00118016700470____2__600x600.jpg","price":"2,95 €            ","price_unit":"(13,61 € / Kilo)","categories":["Supermercado","Alimentación General","Salsas, ketchup y tomate frito","Salsas usos diversos","TRACKLEM salsa de menta concentrada tarro 180 g"],"general_information":["Denominación del alimento: Salsa de menta","Nombre del operador: VELDIS, S.A.","Dirección del operador: C/Puerto de Navacerrada, 59, 28935 Móstoles (Madrid).","Cantidad Neta: 150 g","Otras menciones obligatorias en la etiqueta: SIN GLUTEN"],"ingredients":[" Menta (29%), azúcares terciados de caña, vinagre de sidra, gelificante: pectina cítrica, sal, zumo de limón concentrado."],"conservation":" Una vez abierto, conservar en el frigorífico.","ean":"5019378000685"},{"full_name":"HELLMANN'S salsa patatas deluxe envase 250 ml","name":"salsa patatas deluxe envase 250 ml","brand":"HELLMANN'S ","img":"https://sgfm.elcorteingles.es/SGFM/dctm/MEDIA03/201610/25/00118017605595____1__600x600.jpg","price":"1,43 €","price_unit":"(5,72 € / Litro)","categories":["Supermercado","Alimentación General","Salsas, ketchup y tomate frito","Salsas usos diversos","HELLMANN'S salsa patatas deluxe envase 250 ml"],"general_information":["Denominación del alimento: SALSA PARA PATATAS","País de origen: España","Nombre del operador: Unilever","Dirección del operador: 900 812 511 UNILEVER ESPAÑA, S.A.C/ Tecnología 19- 08840 Viladecans (Barcelona)","Cantidad Neta: 250 Mililitros","Número de raciones por envase: 17"],"ingredients":[" Agua, aceite de nabina, azúcar, vinagre de alcohol, almidón modificado de maíz, mostaza (agua, semillas de MOSTAZA, vinagre de alcohol, sal, especias, aromas), yema de HUEVO, sal, LECHE desnatada fermentada en polvo, ajo en polvo, especias, aromas, acidulantes (ácido láctico, ácido cítrico), perejil, espesante (goma xantana), conservador (ácido sórbico), antioxidante (E385)."],"conservation":"Modo de empleo: 1. Desenroscar el tapón2. Retirar el aluminio de seguridad","ean":"8712100563393"},{"full_name":"ANGOSTURA salsa Aromatic botella 100 ml","name":"salsa Aromatic botella 100 ml","brand":"ANGOSTURA ","img":"https://sgfm.elcorteingles.es/SGFM/01/90/9/0118017601909/0118017601909000g01011.jpg","price":"9,75 €","price_unit":"(97,50 € / Litro)","categories":["Supermercado","Alimentación General","Salsas, ketchup y tomate frito","Salsas usos diversos","ANGOSTURA salsa Aromatic botella 100 ml"],"general_information":["Denominación del alimento: Angostura","Nombre del operador: Spirit and Brands S.L.","Dirección del operador: Paseo de Gracia, 103  4º planta - 08008 Barcelona","Lugar de procedencia del alimento: Reino Unido","Cantidad Neta: 10 Centilitros","Porcentaje de alcohol: 44.7%"],"ingredients":[],"ean":"0075496001008"},{"full_name":"MUSA salsa ali oli frasco 225 ml","name":"salsa ali oli frasco 225 ml","brand":"MUSA ","img":"https://sgfm.elcorteingles.es/SGFM/dctm/MEDIA03/201705/12/00118017605694____2__600x600.jpg","price":"1,05 €","price_unit":"(4,67 € / Litro)","categories":["Supermercado","Alimentación General","Salsas, ketchup y tomate frito","Salsas usos diversos","MUSA salsa ali oli frasco 225 ml"],"general_information":["Denominación del alimento: Salsa ali-oli","Nombre del operador: Agroalimentaria Musa S.L.","Dirección del operador: Ctra. N-IV, km,389 - 14610 Alcolea -Córdoba","Cantidad Neta: 225 Mililitros","Otras menciones obligatorias en la etiqueta: contiene HUEVO"],"ingredients":[" Aceite de girasol, agua, ajo (8%), YEMA DE HUEVO (yema y sal), zumo de limón, aroma, espesante: goma xantana, conservador: sorbato potásico."],"conservation":" Una vez abierto, consérvese en el frigorífico.","ean":"8431594004020"},{"full_name":"MOLI DE POMERI salsa especial para calçots frasco 420 g","name":"salsa especial para calçots frasco 420 g","brand":"MOLI DE POMERI ","img":"https://sgfm.elcorteingles.es/SGFM/00/59/6/0118017600596/0118017600596000g01011.jpg","price":"4,01 €","price_unit":"(9,55 € / Kilo)","categories":["Supermercado","Alimentación General","Salsas, ketchup y tomate frito","Salsas usos diversos","MOLI DE POMERI salsa especial para calçots frasco 420 g"],"general_information":["Denominación del alimento: Salsa Calçots","Nombre del operador: Selfoods SAU","Dirección del operador: El Rebato s/n 08739 SUBIRATS (Barcelona)","Cantidad Neta: 410 g"],"ingredients":[" Tomate natural, aceite de oliva, Frutos secos (almendras y avellanas), pan rallado de harina de trigo, especias, vinagre de Chardonnay, ajo y sal."],"conservation":" Es conveniente almacenar en lugar seco y resguardado de la luz solar. Una vez abierto recomendamos guardar en el frigorífico y consumir en un período no superior a 3 semanas.","ean":"8412766980915"},{"full_name":"MOLI DE POMERI salsa aperitivo frasco 90 ml","name":"salsa aperitivo frasco 90 ml","brand":"MOLI DE POMERI ","img":"https://sgfm.elcorteingles.es/SGFM/dctm/MEDIA02/CONTENIDOS/201412/10/00118017604127____2__600x600.jpg","price":"1,65 €","price_unit":"(18,33 € / Litro)","categories":["Supermercado","Alimentación General","Salsas, ketchup y tomate frito","Salsas usos diversos","MOLI DE POMERI salsa aperitivo frasco 90 ml"],"general_information":["Denominación del alimento: SALSA APERITIVO","Nombre del operador: Selfoods SAU","Dirección del operador: El Rebato s/n 08739 SUBIRATS (Barcelona)","Cantidad Neta: 90 Mililitros","Otras menciones obligatorias en la etiqueta: No contiene alérgenos."],"ingredients":[" VINAGRE, PIMENTÓN (6%) Y PREPARADO DE ESPECIAS"],"conservation":" Conservar en un lugar fresco, seco y ventilado.","ean":"8437003414619"},{"full_name":"MOLI DE POMERI salsa de piquillo envase 185 g","name":"salsa de piquillo envase 185 g","brand":"MOLI DE POMERI ","img":"https://sgfm.elcorteingles.es/SGFM/00/28/6/0118016900286/0118016900286000g01011.jpg","price":"3,00 €","price_unit":"(16,22 € / Kilo)","categories":["Supermercado","Alimentación General","Salsas, ketchup y tomate frito","Salsas usos diversos","MOLI DE POMERI salsa de piquillo envase 185 g"],"general_information":["Denominación del alimento: SALSA PIMIENTOS DEL PIQUILLO","Nombre del operador: Selfoods SAU","Dirección del operador: El Rebato s/n 08739 SUBIRATS (Barcelona)","Cantidad Neta: 185 g"],"ingredients":[" Tomate natural (41%), Pimientos del Piquillo (33%), Aceite de oliva, Cebolla, Sal y Especias. Contiene mostaza."],"conservation":" Una vez abierto recomendamos guardar en el frigorífico y consumir en un período no superior a 3 semanas.","ean":"8412766981158"},{"full_name":"MOLI DE POMERI salsa ali oli frasco 185 g","name":"salsa ali oli frasco 185 g","brand":"MOLI DE POMERI ","img":"https://sgfm.elcorteingles.es/SGFM/dctm/MEDIA02/CONTENIDOS/201502/09/00118016900039____1__600x600.jpg","price":"2,50 €","price_unit":"(13,51 € / Kilo)","categories":["Supermercado","Alimentación General","Salsas, ketchup y tomate frito","Salsas usos diversos","MOLI DE POMERI salsa ali oli frasco 185 g"],"general_information":["Denominación del alimento: Salsa Allioli","Nombre del operador: Selfoods SAU","Dirección del operador: El Rebato s/n 08739 SUBIRATS (Barcelona)","Cantidad Neta: 185 g"],"ingredients":[" Aceites Vegetal y Oliva, Ajo de las ?Pedroñeras?, Sal y zumo de limón."],"conservation":" Es conveniente almacenar en lugar seco y resguardado de la luz solar. Una vez abierto recomendamos guardar en el frigorífico y consumir en un período no superior a 3 semanas.","ean":"8412766980168"},{"full_name":"CHOVI salsa allioli artesano con aceite de oliva envase 150 g","name":"salsa allioli artesano con aceite de oliva envase 150 g","brand":"CHOVI ","img":"https://sgfm.elcorteingles.es/SGFM/dctm/MEDIA02/CONTENIDOS/201407/21/00118850601040____1__600x600.jpg","price":"1,59 €","price_unit":"(10,60 € / Litro)","categories":["Supermercado","Alimentación General","Salsas, ketchup y tomate frito","Salsas usos diversos","CHOVI salsa allioli artesano con aceite de oliva envase 150 g"],"general_information":["Denominación del alimento: Allioli","Nombre del operador: Chovi. S.L.U.","Dirección del operador: P.I.Font de Mussa, 46450 Benifaió (Valencia)","Cantidad Neta: 0.15 Kilogramos"],"ingredients":[" Aceite de oliva (73%), ajo (10%), yema de huevo de gallinas camperas (6%), aceite vegetal*, limón, sal"],"conservation":" Conservar entre 2 y 8°C","ean":"8410422000311"},{"full_name":"IBERITOS tomate para untar con aceite de oliva virgen extra y ajo envase 250 g","name":"tomate para untar con aceite de oliva virgen extra y ajo envase 250 g","brand":"IBERITOS ","img":"https://sgfm.elcorteingles.es/SGFM/01/03/2/0118027501032/0118027501032000g01011.jpg","price":"2,25 €","price_unit":"(9 € / Kilo)","categories":["Supermercado","Alimentación General","Salsas, ketchup y tomate frito","Salsas usos diversos","IBERITOS tomate para untar con aceite de oliva virgen extra y ajo envase 250 g"],"general_information":["Denominación del alimento: Tomate, Aceite y Ajo","Nombre del operador: Huerta dehesa el Alcornocal, S.L.","Dirección del operador: Crta. Ex -206, s/n -06410 Santa Amalia (Badajoz)","Cantidad Neta: 250 g"],"ingredients":[" Tomate natural, aceite de oliva virgen extra, ajo y sal."],"conservation":" No necestia frío.","ean":"8437002919801"},{"full_name":"CHOVI alli oli envase 160 ml","name":"alli oli envase 160 ml","brand":"CHOVI ","img":"https://sgfm.elcorteingles.es/SGFM/dctm/MEDIA03/201706/22/00118850601495____1__600x600.jpg","price":"1,49 €","price_unit":"(9,31 € / Litro)","categories":["Supermercado","Alimentación General","Salsas, ketchup y tomate frito","Salsas usos diversos","CHOVI alli oli envase 160 ml"],"general_information":["Denominación del alimento: Allioli","Nombre del operador: Chovi. S.L.U.","Dirección del operador: P.I.Font de Mussa, 46450 Benifaió (Valencia)","Cantidad Neta: 0.1522 Kilogramos"],"ingredients":[" Aceite vegetal*, huevo, ajo 6%, sal, jugo de limón concentrado, conservador: sorbato potásico"],"conservation":" Una vez abierto, guardar en frigorífico","ean":"8410422003169"},{"full_name":"CHOVI salsa alioli estilo casero fresca envase 200 ml","name":"salsa alioli estilo casero fresca envase 200 ml","brand":"CHOVI ","img":"https://sgfm.elcorteingles.es/SGFM/dctm/MEDIA02/CONTENIDOS/201407/21/00118850600075____1__600x600.jpg","price":"1,08 €","price_unit":"(5,40 € / Litro)","categories":["Supermercado","Alimentación General","Salsas, ketchup y tomate frito","Salsas usos diversos","CHOVI salsa alioli estilo casero fresca envase 200 ml"],"general_information":["Denominación del alimento: Allioli","Nombre del operador: Chovi. S.L.U.","Dirección del operador: P.I.Font de Mussa, 46450 Benifaió (Valencia)","Cantidad Neta: 0.19 Kilogramos"],"ingredients":[" Aceite vegetal*, huevo, ajo 6%, sal, jugo de limón concentrado, conservador: sorbato potásico"],"conservation":" Conservar entre 2 y 8°C","ean":"8410422111048"},{"full_name":"CHOVI salsa alioli fresca bolsa 62 ml","name":"salsa alioli fresca bolsa 62 ml","brand":"CHOVI ","img":"https://sgfm.elcorteingles.es/SGFM/00/88/5/0118850600885/0118850600885000g01011.jpg","price":"0,41 €","price_unit":"(6,61 € / Litro)","categories":["Supermercado","Alimentación General","Salsas, ketchup y tomate frito","Salsas usos diversos","CHOVI salsa alioli fresca bolsa 62 ml"],"general_information":["Denominación del alimento: Allioli","País de origen: España","Nombre del operador: Chovi. S.L.U.","Dirección del operador: P.I.Font de Mussa, 46450 Benifaió (Valencia)","Cantidad Neta: 60 g"],"ingredients":[" Aceite vegetal*, huevo, ajo 6%, sal, jugo de limón concentrado, conservador: sorbato potásico"],"conservation":" Conservar entre 2 y 8°C","ean":"8410422111062"},{"full_name":"CHOVI salsa brava tarro 150 ml","name":"salsa brava tarro 150 ml","brand":"CHOVI ","img":"https://sgfm.elcorteingles.es/SGFM/dctm/MEDIA03/201706/22/00201050601457____1__600x600.jpg","price":"1,03 €","price_unit":"(6,87 € / Litro)","categories":["Supermercado","Alimentación General","Salsas, ketchup y tomate frito","Salsas usos diversos","CHOVI salsa brava tarro 150 ml"],"general_information":["Denominación del alimento: La Brava","Nombre del operador: Chovi. S.L.U.","Dirección del operador: P.I.Font de Mussa, 46450 Benifaió (Valencia)","Cantidad Neta: 0.15 Kilogramos"],"ingredients":[" Aceite vegetal*, agua, ajo, aceite de oliva, vinagre, especias, tomate concentrado,  yema de huevo, hortalizas deshidratadas, sal, azúcar, jugo de limón concentrado, acidulante: ácido láctico"],"conservation":" Conservar entre 2 y 8°C","ean":"8410422000304"},{"full_name":"ORLANDO salsa brava envase 250 g","name":"salsa brava envase 250 g","brand":"ORLANDO ","img":"https://sgfm.elcorteingles.es/SGFM/dctm/MEDIA03/201703/17/00118017606551____1__600x600.jpg","price":"0,92 €","price_unit":"(3,68 € / Kilo)","categories":["Supermercado","Alimentación General","Salsas, ketchup y tomate frito","Salsas usos diversos","ORLANDO salsa brava envase 250 g"],"general_information":["Denominación del alimento: Salsa brava","Nombre del operador: H.J. Heinz Foods Spin S.L.","Dirección del operador: Ctra. Rincón de Soto-Corella km 2,8. 26540 Alfaro (La Rioja)","Cantidad Neta: 235 Mililitros"],"ingredients":[" Puré de tomate (70%), vinagre de alcohol, sal, almidón modificado de maíz, azúcar, conservadores (sorbato potásico y benzoato sódico) y extracto de pimienta de Cayena."],"conservation":" Una vez abierto conservar en el frigorífico. Agitar antes de usar.","ean":"8410066125142"},{"full_name":"COOSUR salsa Ali-Oliva frasco 225 ml","name":"salsa Ali-Oliva frasco 225 ml","brand":"COOSUR ","img":"https://sgfm.elcorteingles.es/SGFM/00/32/8/0118016900328/0118016900328000g01011.jpg","price":"1,77 €            ","price_unit":"(6 € / Litro)","categories":["Supermercado","Alimentación General","Salsas, ketchup y tomate frito","Salsas usos diversos","COOSUR salsa Ali-Oliva frasco 225 ml"],"general_information":["Denominación del alimento: Alioli","País de origen: España","Nombre del operador: Aceites del Sur- Coosur S.A.","Dirección del operador: Ctra. La Carolina Km 29. 23220 Vilches (Jaén)","Cantidad Neta: 225 Mililitros"],"ingredients":[" Aceite de Oliva (39 %), aceite de girasol, huevo y yema de huevo, ajo natural (7 %), agua, vinagre, sal, zumo de limón, estabilizantes: goma guar y goma xantana, antioxidante: EDTA."],"conservation":" Una vez abierto, consérvese en el frigorífico","ean":"8436033823606"},{"full_name":"PRIMA salsa ali oli suave envase 300 ml","name":"salsa ali oli suave envase 300 ml","brand":"PRIMA ","img":"https://sgfm.elcorteingles.es/SGFM/dctm/MEDIA02/CONTENIDOS/201503/13/00118016900187000_1__600x600.jpg","price":"1,45 €            ","price_unit":"(4,63 € / Litro)","categories":["Supermercado","Alimentación General","Salsas, ketchup y tomate frito","Salsas usos diversos","PRIMA salsa ali oli suave envase 300 ml"],"general_information":["Denominación del alimento: salsa alioli","Nombre del operador: BOLTON CILE ESPAÑA, S.A","Dirección del operador: C/ Ombú nº3 28045 Madrid, España","Cantidad Neta: 300 Mililitros"],"ingredients":[" Aceite de girasol (70%), agua, yema de HUEVO, vinagre, aroma natural de ajo, sal, estabilizantes (goma xantana y goma guar), acidulante (ácido láctico), aromas, conservador (sorbato potásico)"],"ean":"8410118024003"},{"full_name":"SANTA TERESA salsa alioli fresca con aceite de oliva envase 125 ml","name":"salsa alioli fresca con aceite de oliva envase 125 ml","brand":"SANTA TERESA ","img":"https://sgfm.elcorteingles.es/SGFM/00/42/2/0118850600422/0118850600422000g01011.jpg","price":"1,69 €","price_unit":"(13,52 € / Litro)","categories":["Supermercado","Alimentación General","Salsas, ketchup y tomate frito","Salsas usos diversos","SANTA TERESA salsa alioli fresca con aceite de oliva envase 125 ml"],"general_information":["Denominación del alimento: Ali Oli","País de origen: España","Nombre del operador: Yemas de Sta. Teresa S.A.","Dirección del operador: Plaza José Tomé 4 05001 Ávila","Lugar de procedencia del alimento: España","Cantidad Neta: 125,0 Mililitros","Otras menciones obligatorias en la etiqueta: SIN CONSERVANTES. SIN ADITIVOS."],"ingredients":[" Aceite de girasol, aceite de oliva (22%), yema de huevo, agua, ajo (5%), vinagre de sidra, sal, zumo de limón y mostaza."],"conservation":" CONSERVACIÓN: conservar en frío entre 0° y 5° C. Una vez abierto, conservar 5 días en frío.","ean":"8422237254032"},{"full_name":"HEINZ salsa ali oli envase 220 ml","name":"salsa ali oli envase 220 ml","brand":"HEINZ ","img":"https://sgfm.elcorteingles.es/SGFM/00/37/7/0118016900377/0118016900377000g01011.jpg","price":"1,82 €","price_unit":"(0,83 € / 100 ml.)","categories":["Supermercado","Alimentación General","Salsas, ketchup y tomate frito","Salsas usos diversos","HEINZ salsa ali oli envase 220 ml"],"general_information":["Denominación del alimento: Salsa alioi","Nombre del operador: H.J. Heinz Foods Spin S.L.","Dirección del operador: Ctra. Rincón de Soto-Corello km 2,8. 26540 Alfaro (La Rioja)","Cantidad Neta: 220 Mililitros"],"ingredients":[" Aceite de soja (73%), ajo (8%), agua, yema de huevo (5%), vinage de vino, sal, azúcar, espesante (goma xantana), antioxidante (EDTA de calcio y disodio), extracto de limón. Contiene huevo y derivados"],"conservation":" Una vez abierto conservar en frigorífico.","ean":"8715700417349"},{"full_name":"HELIOS tomate para untar con aceite de oliva virgen extra pack 2 frasco 140 g","name":"tomate para untar con aceite de oliva virgen extra pack 2 frasco 140 g","brand":"HELIOS ","img":"https://sgfm.elcorteingles.es/SGFM//00/71/1/0118027500711/0118027500711000g01011.jpg","price":"2,85 €","price_unit":"(10,18 € / Kilo)","categories":["Supermercado","Alimentación General","Salsas, ketchup y tomate frito","Salsas usos diversos","HELIOS tomate para untar con aceite de oliva virgen extra pack 2 frasco 140 g"],"general_information":["Denominación del alimento: Tomate para untar","Nombre del operador: DULCES Y CONSERVAS HELIOS S.A.","Dirección del operador: Carretera de Salamanca, nº44, 47195 Arroyo de la Encomienda","Cantidad Neta: 280 g"],"ingredients":[" Tomate, aceite de oliva, sal."],"conservation":" Conservese en lugar fresco y seco. Una vez abierto conservesé en el frigorifico","ean":"8410095505724"},{"full_name":"GAUTSCHI salsa roquefort frasco 115 g","name":"salsa roquefort frasco 115 g","brand":"GAUTSCHI ","img":"https://sgfm.elcorteingles.es/SGFM/dctm/MEDIA02/CONTENIDOS/201412/10/00118016700207____1__600x600.jpg","price":"3,33 €            ","price_unit":"(28 € / Kilo)","categories":["Supermercado","Alimentación General","Salsas, ketchup y tomate frito","Salsas usos diversos","GAUTSCHI salsa roquefort frasco 115 g"],"general_information":["Denominación del alimento: Salsa roquefort","País de origen: Suiza","Nombre del operador: Mundial Gourmet, S.A.","Dirección del operador: c/ Joan Torruella, 45 - 08758 Cervelló","Cantidad Neta: 115,0 g"],"ingredients":[" Agua, aceite de girasol, roquefort 15%, yogur (leche entera, proteínas lácteas), lactosa, vinagre de mesa con hiervas, cebolla, yema de huevo pasteurizada, mostaza, sal de mesa yodada, especias para espolvorear (apio), espesante (E415), acidulante (E270), ajo, aromatizante.Contiene: leche (lactosa), huevo, mostaza, apio."],"conservation":" Después de abierto, consevar en la nevera y consumir en un plazo de 3 semanas.","ean":"7610405055128"},{"full_name":"MAHN MAC alli oli envase 190 g","name":"alli oli envase 190 g","brand":"MAHN MAC ","img":"https://sgfm.elcorteingles.es/SGFM/dctm/MEDIA03/201706/22/00118850601461____1__600x600.jpg","price":"0,99 €","price_unit":"(5,21 € / Kilo)","categories":["Supermercado","Alimentación General","Salsas, ketchup y tomate frito","Salsas usos diversos","MAHN MAC alli oli envase 190 g"],"general_information":[],"ingredients":[],"ean":"8437007528572"},{"full_name":"HIDA salsa de tomate para untar frasco 220 g","name":"salsa de tomate para untar frasco 220 g","brand":"HIDA ","img":"https://sgfm.elcorteingles.es/SGFM/00/54/7/0118027500547/0118027500547000g01011.jpg","price":"0,90 €","price_unit":"(4,09 € / Kilo)","categories":["Supermercado","Alimentación General","Salsas, ketchup y tomate frito","Salsas usos diversos","HIDA salsa de tomate para untar frasco 220 g"],"general_information":["Denominación del alimento: Tomate pan y listo.","Nombre del operador: Hida Alimentación, S.A.","Dirección del operador: Pol. El Arreaque. Apdo. 70 -30.170 Mula (Murcia)-España.","Cantidad Neta: 220 g","Otras menciones obligatorias en la etiqueta: Sin gluten. No OGM's."],"ingredients":[" Tomate, aceite de oliva virgen extra (3.8%) y sal."],"conservation":"Modo de empleo: Consumo directo o utilización del mismo como ingrediente o guarnición en la elaboración de otros platos.","ean":"8424523040015"},{"full_name":"YBARRA salsa ali oli frasco 225 ml","name":"salsa ali oli frasco 225 ml","brand":"YBARRA ","img":"https://sgfm.elcorteingles.es/SGFM/dctm/MEDIA03/201705/24/00118016900088____1__600x600.jpg","price":"1,20 €            ","price_unit":"(4,84 € / Litro)","categories":["Supermercado","Alimentación General","Salsas, ketchup y tomate frito","Salsas usos diversos","YBARRA salsa ali oli frasco 225 ml"],"general_information":["Denominación del alimento: Salsa de Mesa","Nombre del operador: Empresa Alimentación YBARRA","Dirección del operador: Carretera Isla Menor, km. 1,8. 41703 Dos Hermanas (Sevilla)","Cantidad Neta: 225 Mililitros"],"ingredients":[" Aceite de girasol (72%), agua, ajo triturado (7%), yema de huevo, vinagre de vino, sal, azúcar, zumo de limón, conservador (sorbato potásico), estabilizante (goma xantana)."],"conservation":" Preservar del calor y del exceso de luz","ean":"8410086319019"},{"full_name":"YBARRA salsa alioli envase 300 ml","name":"salsa alioli envase 300 ml","brand":"YBARRA ","img":"https://sgfm.elcorteingles.es/SGFM/dctm/MEDIA03/201604/27/00200117605998____1__600x600.jpg","price":"2,24 €","categories":["Supermercado","Alimentación General","Salsas, ketchup y tomate frito","Salsas usos diversos","YBARRA salsa alioli envase 300 ml"],"general_information":["Denominación del alimento: Salsa de Mesa","Nombre del operador: Empresa Alimentación YBARRA","Dirección del operador: Carretera Isla Menor, km. 1,8. 41703 Dos Hermanas (Sevilla)","Cantidad Neta: 300 Mililitros"],"ingredients":[" Aceite de girasol (72%), yema de huevo, ajo (7%), agua, vinagre de vino, azúcar, sal, zumo de limón concentrado, conservador (sorbato potásico)."],"conservation":" Preservar del calor y del exceso de luz","ean":"8410086331431"},{"full_name":"ZUBIA Piparra pulpa de pimiento choricero frasco 125 g","name":"Piparra pulpa de pimiento choricero frasco 125 g","brand":"ZUBIA ","img":"https://sgfm.elcorteingles.es/SGFM/00/01/3/0118016900013/0118016900013000g01011.jpg","price":"3,72 €            ","price_unit":"(18 € / Kilo)","categories":["Supermercado","Alimentación General","Salsas, ketchup y tomate frito","Salsas usos diversos","ZUBIA Piparra pulpa de pimiento choricero frasco 125 g"],"general_information":["Denominación del alimento: Piparra pulpa pimiento choricero","Nombre del operador: Patés Zubia,S.L.","Dirección del operador: Aingeru Guarda pasealekua, 17, 20540 Eskoriatza, Guipúzcoa.","Cantidad Neta: 125 g","Otras menciones obligatorias en la etiqueta: Producto 100% natural"],"ingredients":[" Pulpa de aproximadamente 8 pimientos choriceros del cristal y agua."],"conservation":" Consérvese en lugar fresco y seco. Una vez abierto se recomienda rebasar el producto con aceite y conservar en el frigorífico. Una vez abierto consumir antes de 2 semanas.","ean":"8412769410181"},{"full_name":"LA TEJEA reducción de vinagre de Jerez frasco 135","name":"reducción de vinagre de Jerez frasco 135 ","brand":"LA TEJEA ","img":"https://sgfm.elcorteingles.es/SGFM/05/15/7/0118017605157/0118017605157000g01011.jpg","price":"2,69 €","price_unit":"(19,93 € / Kilo)","categories":["Supermercado","Alimentación General","Salsas, ketchup y tomate frito","Salsas usos diversos","LA TEJEA reducción de vinagre de Jerez frasco 135"],"general_information":[],"ingredients":[],"ean":"8437002019594"},{"full_name":"J.R.SUAREZ ajo negro en crema tarro 120 g","name":"ajo negro en crema tarro 120 g","brand":"J.R.SUAREZ ","img":"https://sgfm.elcorteingles.es/SGFM/dctm/MEDIA03/201611/24/00118017606452____1__600x600.jpg","price":"6,90 €            ","price_unit":"(54,17 € / Kilo)","categories":["Supermercado","Alimentación General","Salsas, ketchup y tomate frito","Salsas usos diversos","J.R.SUAREZ ajo negro en crema tarro 120 g"],"general_information":["Denominación del alimento: Crema de ajo negro \"Black Allium\"","País de origen: España","Nombre del operador: J.R. SUAREZ MONEDERO S.L.","Dirección del operador: C/La región, 7 16660 Las Pedroñeras- Cuenca","Cantidad Neta: 120 g"],"ingredients":[" Ajo negro de Las Pedroñeras (80%), agua y antioxidante: ácido cítrico."],"conservation":" Una vez abierto mantener refrigerado","ean":"8412346000101"},{"full_name":"FELIUBADALO salsa alioli frasco 100 g","name":"salsa alioli frasco 100 g","brand":"FELIUBADALO ","img":"https://sgfm.elcorteingles.es/SGFM/dctm/MEDIA02/CONTENIDOS/201410/14/00118016900047____1__600x600.jpg","price":"2,20 €","price_unit":"(22 € / Kilo)","categories":["Supermercado","Alimentación General","Salsas, ketchup y tomate frito","Salsas usos diversos","FELIUBADALO salsa alioli frasco 100 g"],"general_information":["Denominación del alimento: All i oli  con aceite de oliva","Nombre del operador: F&F Eurofoods","Dirección del operador: C/Gran Vía Cralos III,84 Edif.Trade,Torre Sur,1º4ª, 08280 Barcelona","Cantidad Neta: 100 g"],"ingredients":[" Aceite de oliva, ajo, zumo de limón y sal."],"ean":"8414203300805"},{"full_name":"FELIUBADALO salsa especial para calçots frasco 290 g","name":"salsa especial para calçots frasco 290 g","brand":"FELIUBADALO ","img":"https://sgfm.elcorteingles.es/SGFM/dctm/MEDIA02/CONTENIDOS/201410/14/00118017600737____1__600x600.jpg","price":"2,40 €","price_unit":"(8,28 € / Kilo)","categories":["Supermercado","Alimentación General","Salsas, ketchup y tomate frito","Salsas usos diversos","FELIUBADALO salsa especial para calçots frasco 290 g"],"general_information":["Denominación del alimento: Salsa calçots","Nombre del operador: F&F Eurofoods","Dirección del operador: C/Gran Vía Cralos III,84 Edif.Trade,Torre Sur,1º4ª, 08280 Barcelona","Cantidad Neta: 290 g","Otras menciones obligatorias en la etiqueta: Pasta resultado de la mezcla emulsionada de diferentes ingredientes. # Fórmula tradicional elaborada con ingredientes naturales sin: colorantes, aromatizantes o conservantes artificiales. # Ideal para pescados, marisco, carnes, ensaladas, espárragos, apsta patatas al horno y calçots."],"ingredients":[" Tomate, aceite de girasol pan rallado, aceite de oliva (4.3%), vinagre de vino, almendras, avellanas, ajo, especias y sal."],"conservation":" Antes de abrir el envase: Almacenar en un lugar protegido de la luz, fresco y seco. No se requiere almacenaje refrigerado. Evitar temperaturas por debajo de 6ºC y por encima de 25ºC que puedenalterar el producto. Después de abrir el envase: Mantener refrigerado y consumir preferiblemente antes de 15 días.","ean":"8414203306906"},{"full_name":"FELIUBADALO salsa especial para calçots frasco 100 g","name":"salsa especial para calçots frasco 100 g","brand":"FELIUBADALO ","img":"https://sgfm.elcorteingles.es/SGFM/dctm/MEDIA02/CONTENIDOS/201410/14/00118017600612____1__600x600.jpg","price":"1,11 €","price_unit":"(11,10 € / Kilo)","categories":["Supermercado","Alimentación General","Salsas, ketchup y tomate frito","Salsas usos diversos","FELIUBADALO salsa especial para calçots frasco 100 g"],"general_information":["Denominación del alimento: Salsa calçots nueva","Nombre del operador: F&F Eurofoods","Dirección del operador: C/Gran Vía Cralos III,84 Edif.Trade,Torre Sur,1º4ª, 08280 Barcelona","Cantidad Neta: 100 g"],"ingredients":[" Tomate, aceite de girasol, agua, frutos secos (almendra y avellana), pan rallado, aceite de oliva, vinagre de vino, ajo, especias y sal."],"ean":"8414203306807"},{"full_name":"BAXTERS salsa de arándanos frasco 190 g","name":"salsa de arándanos frasco 190 g","brand":"BAXTERS ","img":"https://sgfm.elcorteingles.es/SGFM/00/10/8/0118016700108/0118016700108000g01011.jpg","price":"2,84 €","price_unit":"(14,95 € / Kilo)","categories":["Supermercado","Alimentación General","Salsas, ketchup y tomate frito","Salsas usos diversos","BAXTERS salsa de arándanos frasco 190 g"],"general_information":[],"ingredients":[],"ean":"5012427335004"},{"full_name":"SABOR FUSION salsa de manzana chipotle botella 411 g","name":"salsa de manzana chipotle botella 411 g","brand":"SABOR FUSION ","img":"https://sgfm.elcorteingles.es/SGFM/dctm/MEDIA03/201703/31/00118017606361____1__600x600.jpg","price":"6,05 €","price_unit":"(14,72 € / Kilo)","categories":["Supermercado","Alimentación General","Salsas, ketchup y tomate frito","Salsas usos diversos","SABOR FUSION salsa de manzana chipotle botella 411 g"],"general_information":["Denominación del alimento: Salsas","País de origen: Costa Rica","Nombre del operador: Exit Brand Management, S.L.","Dirección del operador: Av.General Perón 24 1ºA-28020 Madrid","Lugar de procedencia del alimento: San José, Costa Rica","Cantidad Neta: 411 g"],"ingredients":[" Azúcar, manzana, agua, vinagre de manzana, miel, sal, chile jalapeño, almidón (Espesante), chile chipotle, ácido cítrico (Acidulante), humo líquido, ácido ascórbico (antioxidante), canela"],"conservation":" Refrigerar después de abierto","ean":"7441006070476"},{"full_name":"SABOR FUSION salsa piña chipotle botella 411 g","name":"salsa piña chipotle botella 411 g","brand":"SABOR FUSION ","img":"https://sgfm.elcorteingles.es/SGFM/dctm/MEDIA03/201703/31/00118017606395____1__600x600.jpg","price":"6,05 €","price_unit":"(14,72 € / Kilo)","categories":["Supermercado","Alimentación General","Salsas, ketchup y tomate frito","Salsas usos diversos","SABOR FUSION salsa piña chipotle botella 411 g"],"general_information":["Denominación del alimento: Salsas","País de origen: Costa Rica","Nombre del operador: Exit Brand Management, S.L.","Dirección del operador: Av.General Perón 24 1ºA-28020 Madrid","Lugar de procedencia del alimento: San José, Costa Rica","Cantidad Neta: 411 g"],"ingredients":[" Piña, azúcar, jugo de naranja, vino de mora, vinagre de manzana, cebollas, almidón modificado, chile chipotle, ácido cítrico, goma xanthan, ácido ascórbico, jenjibre en polvo, clavo de olor, esencia de piña"],"conservation":" Refrigerar después de abierto","ean":"7441006070124"},{"full_name":"SABOR FUSION salsa mora chipotle botella 411 g","name":"salsa mora chipotle botella 411 g","brand":"SABOR FUSION ","img":"https://sgfm.elcorteingles.es/SGFM/dctm/MEDIA03/201703/31/00118017606379____1__600x600.jpg","price":"6,05 €","price_unit":"(14,72 € / Kilo)","categories":["Supermercado","Alimentación General","Salsas, ketchup y tomate frito","Salsas usos diversos","SABOR FUSION salsa mora chipotle botella 411 g"],"general_information":["Denominación del alimento: Salsas","País de origen: Costa Rica","Nombre del operador: Exit Brand Management, S.L.","Dirección del operador: Av.General Perón 24 1ºA-28020 Madrid","Lugar de procedencia del alimento: San José, Costa Rica","Cantidad Neta: 411 g"],"ingredients":[" Azúcar, agua, moras, vinagre de manzana, glucosa, chile jalapeño, almidón de maíz (espesante), sal, chile chipotle, ácido cítrico (acidulante), goma xanthan (espesante), ajo, ácido ascórbico (antioxidante) y humo"],"conservation":" Refrigerar después de abierto","ean":"7441006070469"},{"full_name":"SABOR FUSION salsa mango coco habanero botella 411 g","name":"salsa mango coco habanero botella 411 g","brand":"SABOR FUSION ","img":"https://sgfm.elcorteingles.es/SGFM/dctm/MEDIA03/201703/31/00118017606387____1__600x600.jpg","price":"6,05 €","price_unit":"(14,72 € / Kilo)","categories":["Supermercado","Alimentación General","Salsas, ketchup y tomate frito","Salsas usos diversos","SABOR FUSION salsa mango coco habanero botella 411 g"],"general_information":["Denominación del alimento: Salsas","País de origen: Costa Rica","Nombre del operador: Exit Brand Management, S.L.","Dirección del operador: Av.General Perón 24 1ºA-28020 Madrid","Lugar de procedencia del alimento: San José, Costa Rica","Cantidad Neta: 411 g"],"ingredients":[" Azúcar, mango, naranja, vinagre de manzana, coco, agua, jugo de limón, almidón modificado, chile habanero especial, Paprika, ácido ascórbico, canela, clavo de olor, esencia de coco"],"conservation":" Refrigerar después de abierto","ean":"7441006012001"},{"full_name":"EL MOSQUI sofrito para caldero frasco 55 g","name":"sofrito para caldero frasco 55 g","brand":"EL MOSQUI ","img":"https://sgfm.elcorteingles.es/SGFM/dctm/MEDIA03/201706/16/00200116700337____1__600x600.jpg","price":"2,58 €","price_unit":"(46,91 € / Kilo)","categories":["Supermercado","Alimentación General","Salsas, ketchup y tomate frito","Salsas usos diversos","EL MOSQUI sofrito para caldero frasco 55 g"],"general_information":["Denominación del alimento: Sofrito para caldero","Nombre del operador: El Mosqui Gourmet, S.L.","Dirección del operador: Pol. Ind. Cabezo Beaza, Parcdela 89  C/Dublin, s/n  Cartagena  (Murcia)","Cantidad Neta: 55 g"],"ingredients":[" Pimiento rojo seco (ñora), tomate concentrado, ajo, aceite de oliva virgen extra, agua, sal y zumo de limón."],"conservation":" Conservese en lugar fresco y seco. Una vez abierto se recomienda guardar refrigerado y consumir antes de 3 días.","ean":"8425107000029"},{"full_name":"BO DE DEBO salsa fresca ali oli tarrina 120 g","name":"salsa fresca ali oli tarrina 120 g","brand":"BO DE DEBO ","img":"https://sgfm.elcorteingles.es/SGFM/01/12/3/0118850601123/0118850601123000g01011.jpg","price":"1,30 €","price_unit":"(10,83 € / Litro)","categories":["Supermercado","Alimentación General","Salsas, ketchup y tomate frito","Salsas usos diversos","BO DE DEBO salsa fresca ali oli tarrina 120 g"],"general_information":["Denominación del alimento: Salsa Allioli.","Nombre del operador: Bo De Debo S.A.","Dirección del operador: c/ Mª Aurèlia Capmany s/n  (08295 Sant Vicenç de Castellet).","Cantidad Neta: 135,0 g","Otras menciones obligatorias en la etiqueta: Envasado en Atmósfera Modificada."],"ingredients":[" Aceite de girasol 81%, huevo líquido pasteurizado, huevo en polvo,  ajo 2% i sal.  Sin conservantes ni colorantes. En nuestras instalaciones manipulamos productos que contienen : gluten, crustaceos, pescado, cacahuetes, soja, leche, frutos cáscara, apio, mostaza, sésamo, sulfitos y moluscos."],"conservation":" Una vez abierto conservar entre 0-4°C, protegido con un  film y consumir en máximo 2 dias.","ean":"8436031600933"},{"full_name":"J.R.SUAREZ Ali oli frasco 140 ml","name":"Ali oli frasco 140 ml","brand":"J.R.SUAREZ ","img":"https://sgfm.elcorteingles.es/SGFM/00/17/9/0118016900179/0118016900179000g01011.jpg","price":"2,08 €            ","price_unit":"(12,50 € / Litro)","categories":["Supermercado","Alimentación General","Salsas, ketchup y tomate frito","Salsas usos diversos","J.R.SUAREZ Ali oli frasco 140 ml"],"general_information":["Denominación del alimento: Allioli con aceite de oliva","País de origen: España","Nombre del operador: J.R. SUAREZ MONEDERO S.L.","Dirección del operador: C/La región, 7 16660 Las Pedroñeras- Cuenca","Cantidad Neta: 135 g"],"ingredients":[" Aceite de oliva 68%, huevo, ajo fresco morado de Las Pedroñeras 7%, zumo de limón, sal, acidulante: ácido cítrico, aroma y antioxidantes naturales: E-304/E-306. Contiene sulfitos."],"conservation":" Una vez abierto mantener refrigerado.","ean":"8412346000316"},{"full_name":"J.R.SUAREZ Pulpa de ñora frasco 135 g","name":"Pulpa de ñora frasco 135 g","brand":"J.R.SUAREZ ","img":"https://sgfm.elcorteingles.es/SGFM/00/25/2/0118016900252/0118016900252000g01011.jpg","price":"2,85 €            ","price_unit":"(18,15 € / Kilo)","categories":["Supermercado","Alimentación General","Salsas, ketchup y tomate frito","Salsas usos diversos","J.R.SUAREZ Pulpa de ñora frasco 135 g"],"general_information":["Denominación del alimento: Ñora en pulpa","País de origen: España","Nombre del operador: J.R. SUAREZ MONEDERO S.L.","Dirección del operador: C/La región, 7 16660 Las Pedroñeras- Cuenca","Cantidad Neta: 135 g"],"ingredients":[" Pulpa de ñora."],"conservation":" Una vez abierto congelar o mantener refrigerado con una copa de aceite y consumir antes de 15 dias.","ean":"8412346000057"},{"full_name":"MACKAYS salsa de manzana e higos tarro 225 g","name":"salsa de manzana e higos tarro 225 g","brand":"MACKAYS ","img":"https://sgfm.elcorteingles.es/SGFM/dctm/MEDIA03/201611/29/00118017606445____1__600x600.jpg","price":"3,45 €","price_unit":"(15,33 € / Kilo)","categories":["Supermercado","Alimentación General","Salsas, ketchup y tomate frito","Salsas usos diversos","MACKAYS salsa de manzana e higos tarro 225 g"],"general_information":["Denominación del alimento: CHUTNEY DE MANZANA E HIGOS 225 GR","País de origen: Reino Unido","Nombre del operador: Alimentación Varma, S.L.","Dirección del operador: C/ La granja, 15 - Pol. Industrial Alcobendas. 28108 Alcobendas (Madrid) - España","Cantidad Neta: 225 g"],"ingredients":[" azúcar moreno, manzana (23%), cebolla roja, higos secos (Higos harina de arroz) (14%), vinagre de vino tinto, especias. Puede contener MOSTAZA."],"conservation":" Conservar en lugar fresco y seco","ean":"0637793030435"},{"full_name":"PLANETA VERDE tomate para untar aliñado tarrina 220 g","name":"tomate para untar aliñado tarrina 220 g","brand":"PLANETA VERDE ","img":"https://www.elcorteingles.es/sgfm/statics/supermarket/assets/stylesheets/images/food/misc/no-photo_600x600.png","price":"2,29 €","price_unit":"(10,41 € / Kilo)","categories":["Supermercado","Alimentación General","Salsas, ketchup y tomate frito","Salsas usos diversos","PLANETA VERDE tomate para untar aliñado tarrina 220 g"],"general_information":[],"ingredients":[],"ean":"8422837135410"},{"full_name":"ESPINALER salsa especial para almejas berberechos y patatas chips botella 220 ml","name":"salsa especial para almejas berberechos y patatas chips botella 220 ml","brand":"ESPINALER ","img":"https://sgfm.elcorteingles.es/SGFM/dctm/MEDIA03/201702/23/00118016900294____1__600x600.jpg","price":"4,67 €","price_unit":"(21,23 € / Litro)","categories":["Supermercado","Alimentación General","Salsas, ketchup y tomate frito","Salsas usos diversos","ESPINALER salsa especial para almejas berberechos y patatas chips botella 220 ml"],"general_information":["Denominación del alimento: Salsa de aperitivo","Nombre del operador: Espinaler, S.L.","Dirección del operador: Pol. Ind. Els Garrofers -Av. Progrés, 47 - 08340 Vilassar de Mar (Barcelona)","Cantidad Neta: 220 Mililitros","Otras menciones obligatorias en la etiqueta: Apto para celiacos. No contiene gluten, sin conservantes ni aditivos."],"ingredients":[" Vinagre, pimienta roja y especias. Contiene sulfitos."],"conservation":" Conservar en lugar fresco y seco. Una vez abierto conservar refrigerado en su recipiente.","ean":"8427230005018"},{"full_name":"GUACHINERFE salsas diversas (almogrote, mojo palmero, mojo cilantro y mojo agridulce) pack 4 frasco 40 ml","name":"salsas diversas (almogrote, mojo palmero, mojo cilantro y mojo agridulce) pack 4 frasco 40 ml","brand":"GUACHINERFE ","img":"https://sgfm.elcorteingles.es/SGFM/dctm/MEDIA02/CONTENIDOS/201510/09/00200117605238____1__600x600.jpg","price":"2,70 €","price_unit":"(16,88 € / Kilo)","categories":["Supermercado","Alimentación General","Salsas, ketchup y tomate frito","Salsas usos diversos","GUACHINERFE salsas diversas (almogrote, mojo palmero, mojo cilantro y mojo agridulce) pack 4 frasco 40 ml"],"general_information":["Denominación del alimento: Miniaturas 4 Salsas","País de origen: España","Nombre del operador: Mojos Guachinerfe S.L","Dirección del operador: C/ Benjamín Franklin, calle 3, nave 2 Polígono Industrial San Isidro (La Campana)","Cantidad Neta: 160 g"],"ingredients":[" Mojo Palmero (suave): Aceite de oliva, pimienta  (34%), vinagre de alcohol,  agua, ajo,  pimentón, sal, especias, espesante: goma Xantana, conservador: sorbato potásico, acidulante: ácido cítrico / Mojo de Cilantro: Aceite de girasol, cilantro (12%), agua, vinagre de alcohol, ajo, sal, especias, espesante: goma Xantana, conservador: sorbato potásico, acidulante: ácido cítrico, colorante E-100, E-131  / Mojo Agridulce de Zanahoria: Aceite de girasol, zanahorias (25%), agua, vinagre de alcohol, azúcar, pimentón, sal, espesante: goma Xantana, conservador: sorbato potásico, acidulante: ácido cítrico, especias, colorante: extracto de pimentón / Almogrote: Queso (65%), aceite de girasol, pimienta, ajo, sal, extracto de ajo, conservador: sorbato potásico, cayena, acidulante: ácido cítrico."],"conservation":" Una vez abierto, conservar en el frigorífico (5°C).","ean":"8437010931307"},{"full_name":"GUACHINERFE mojo rojo picante frasco 250 g","name":"mojo rojo picante frasco 250 g","brand":"GUACHINERFE ","img":"https://sgfm.elcorteingles.es/SGFM/00/07/4/0118016700074/0118016700074000g01011.jpg","price":"4,39 €","price_unit":"(17,56 € / Kilo)","categories":["Supermercado","Alimentación General","Salsas, ketchup y tomate frito","Salsas usos diversos","GUACHINERFE mojo rojo picante frasco 250 g"],"general_information":["Denominación del alimento: Mojo Rojo Picante","País de origen: España","Nombre del operador: Mojos Guachinerfe S.L","Dirección del operador: C/ Benjamín Franklin, calle 3, nave 2 Polígono Industrial San Isidro (La Campana)","Cantidad Neta: 200 g"],"ingredients":[" Aceite de girasol, pimientos rojos (26%), vinagre de alcohol, agua, pimienta hidratada, sal, especias, ajo, espesante: goma Xantana, colorante: extracto de pimentón, conservador: sorbato potásico, acidulante: ácido cítrico"],"conservation":" Una vez abierto, conservar en el frigorífico (5°C).","ean":"8437010931178"},{"full_name":"GUACHINERFE mojo rojo suave frasco 250 g","name":"mojo rojo suave frasco 250 g","brand":"GUACHINERFE ","img":"https://sgfm.elcorteingles.es/SGFM/00/08/2/0118016700082/0118016700082000g01011.jpg","price":"4,39 €","price_unit":"(17,56 € / Kilo)","categories":["Supermercado","Alimentación General","Salsas, ketchup y tomate frito","Salsas usos diversos","GUACHINERFE mojo rojo suave frasco 250 g"],"general_information":["Denominación del alimento: Mojo Rojo Suave","País de origen: España","Nombre del operador: Mojos Guachinerfe S.L","Dirección del operador: C/ Benjamín Franklin, calle 3, nave 2 Polígono Industrial San Isidro (La Campana)","Cantidad Neta: 200 g"],"ingredients":[" Aceite de girasol, pimientos rojos (26%), vinagre de alcohol, agua, pimienta deshidratada, sal, especias, ajo, espesante: goma Xantana, colorante: extracto de pimentón, conservador: sorbato potásico, acidulante: ácido cítrico"],"conservation":" Una vez abierto, conservar en el frigorífico (5°C).","ean":"8437010931185"},{"full_name":"GUACHINERFE mojo verde suave frasco 250 g","name":"mojo verde suave frasco 250 g","brand":"GUACHINERFE ","img":"https://sgfm.elcorteingles.es/SGFM/00/09/0/0118016700090/0118016700090000g01011.jpg","price":"3,95 €","price_unit":"(15,80 € / Litro)","categories":["Supermercado","Alimentación General","Salsas, ketchup y tomate frito","Salsas usos diversos","GUACHINERFE mojo verde suave frasco 250 g"],"general_information":["Denominación del alimento: Mojo Verde Suave","País de origen: España","Nombre del operador: Mojos Guachinerfe S.L","Dirección del operador: C/ Benjamín Franklin, calle 3, nave 2 Polígono Industrial San Isidro (La Campana)","Cantidad Neta: 200 g"],"ingredients":[" Aceite de girasol, pimientos verdes (30%), vinagre de alcohol, agua, sal, especias, ajo, espesante: goma Xantana, conservador: sorbato potásico, acidulante: ácido cítrico, colorantes: E-100, E-131"],"conservation":" Una vez abierto, conservar en el frigorífico (5°C).","ean":"8437010931192"},{"full_name":"GUACHINERFE mojo de zanahoria frasco 250 g","name":"mojo de zanahoria frasco 250 g","brand":"GUACHINERFE ","img":"https://sgfm.elcorteingles.es/SGFM/dctm/MEDIA03/201704/27/00118016700454____1__600x600.jpg","price":"2,99 €","price_unit":"(11,96 € / Kilo)","categories":["Supermercado","Alimentación General","Salsas, ketchup y tomate frito","Salsas usos diversos","GUACHINERFE mojo de zanahoria frasco 250 g"],"general_information":["Denominación del alimento: Mojo Agridulce de Zanahoria","País de origen: España","Nombre del operador: Mojos Guachinerfe S.L","Dirección del operador: C/ Benjamín Franklin, calle 3, nave 2 Polígono Industrial San Isidro (La Campana)","Cantidad Neta: 200 g"],"ingredients":[" Aceite de girasol, zanahorias (25%), agua, vinagre de alcohol, azúcar, pimentón, sal, espesante: goma Xantana, conservador: sorbato potásico, acidulante: ácido cítrico, especias, colorante: extracto de pimentón."],"conservation":" Una vez abierto, conservar en el frigorífico (5°C).","ean":"8437010931147"},{"full_name":"GUACHINERFE mojo rojo picante y cilantro pack 2 frasco 125 g","name":"mojo rojo picante y cilantro pack 2 frasco 125 g","brand":"GUACHINERFE ","img":"https://sgfm.elcorteingles.es/SGFM/dctm/MEDIA02/CONTENIDOS/201412/10/00118016700215____1__600x600.jpg","price":"4,59 €","price_unit":"(18,36 € / Kilo)","categories":["Supermercado","Alimentación General","Salsas, ketchup y tomate frito","Salsas usos diversos","GUACHINERFE mojo rojo picante y cilantro pack 2 frasco 125 g"],"general_information":["Denominación del alimento: Rojo Picante - Cilantro","País de origen: España","Nombre del operador: Mojos Guachinerfe S.L","Dirección del operador: C/ Benjamín Franklin, calle 3, nave 2 Polígono Industrial San Isidro (La Campana)","Cantidad Neta: 240 g"],"ingredients":[" Mojo Rojo Picante: Aceite de girasol, pimientos rojos (26%), vinagre de alcohol, agua, pimienta hidratada, sal, especias, ajo, espesante: goma Xantana, colorante: extracto de pimentón, conservador: sorbato potásico, acidulante: ácido cítrico / Mojo de Cilantro: Aceite de girasol, cilantro (12%), agua, vinagre de alcohol, ajo, sal, especias, espesante: goma Xantana, conservador: sorbato potásico, acidulante: ácido cítrico, colorante E-100, E-131."],"conservation":" Una vez abierto, conservar en el frigorífico (5°C).","ean":"8437010931253"},{"full_name":"GUACHINERFE salsa almogrote bote 200 g","name":"salsa almogrote bote 200 g","brand":"GUACHINERFE ","img":"https://sgfm.elcorteingles.es/SGFM/00/27/2/0118016700272/0118016700272000g01011.jpg","price":"4,43 €","price_unit":"(22,15 € / Kilo)","categories":["Supermercado","Alimentación General","Salsas, ketchup y tomate frito","Salsas usos diversos","GUACHINERFE salsa almogrote bote 200 g"],"general_information":["Denominación del alimento: Almogrote","País de origen: España","Nombre del operador: Mojos Guachinerfe S.L","Dirección del operador: C/ Benjamín Franklin, calle 3, nave 2 Polígono Industrial San Isidro (La Campana)","Cantidad Neta: 210 g"],"ingredients":[" Queso (65%), aceite de girasol, pimienta, ajo, sal, extracto de ajo, conservador: sorbato potásico, cayena, acidulante: ácido cítrico"],"conservation":" Una vez abierto, conservar en el frigorífico (5°C).","ean":"8437010931222"},{"full_name":"GUACHINERFE mojo palmero frasco 235 g","name":"mojo palmero frasco 235 g","brand":"GUACHINERFE ","img":"https://sgfm.elcorteingles.es/SGFM/dctm/MEDIA02/CONTENIDOS/201510/09/00200117605220____1__600x600.jpg","price":"2,49 €","price_unit":"(10,60 € / Kilo)","categories":["Supermercado","Alimentación General","Salsas, ketchup y tomate frito","Salsas usos diversos","GUACHINERFE mojo palmero frasco 235 g"],"general_information":["Denominación del alimento: Mojo Palmero Suave","País de origen: España","Nombre del operador: Mojos Guachinerfe S.L","Dirección del operador: C/ Benjamín Franklin, calle 3, nave 2 Polígono Industrial San Isidro (La Campana)","Cantidad Neta: 200 g"],"ingredients":[" Aceite de oliva, pimienta  (34%), vinagre de alcohol,  agua, ajo,  pimentón, sal, especias, espesante: goma Xantana, conservador: sorbato potásico, acidulante: ácido cítrico"],"conservation":" Una vez abierto, conservar en el frigorífico (5°C).","ean":"8437010931161"},{"full_name":"MONTEALBOR salsa mojo picón envase 180 g","name":"salsa mojo picón envase 180 g","brand":"MONTEALBOR ","img":"https://sgfm.elcorteingles.es/SGFM/dctm/MEDIA03/201602/12/00200116600305____1__600x600.jpg","price":"2,15 €","price_unit":"(11,94 € / Kilo)","categories":["Supermercado","Alimentación General","Salsas, ketchup y tomate frito","Salsas usos diversos","MONTEALBOR salsa mojo picón envase 180 g"],"general_information":["Denominación del alimento: Salsa Mojo Picón","Nombre del operador: Montealbor Alimentación S.A.","Dirección del operador: Pol. Ind. La Red Sur, calle 17, nº 34 41500 Alcalá de Guadaira, Sevilla","Cantidad Neta: 180 g","Otras menciones obligatorias en la etiqueta: Sin gluten. Sin leche ni derivados.Sin colorantes. Sin conservantes"],"ingredients":[" Hortalizas, aceite de girasol, vinagre de yema, ajo, especias, sal,  aromas y azúcares.     Puede contener trazas de SOJA"],"conservation":" Una vez abierto conservar en frigorífico.","ean":"8422061008603"},{"full_name":"KEN'S salsa ranchera envase 454 ml","name":"salsa ranchera envase 454 ml","brand":"KEN'S ","img":"https://sgfm.elcorteingles.es/SGFM/00/31/2/0118016800312/0118016800312000g01011.jpg","price":"5,25 €","price_unit":"(11,56 € / Kilo)","categories":["Supermercado","Alimentación General","Salsas, ketchup y tomate frito","Salsas usos diversos","KEN'S salsa ranchera envase 454 ml"],"general_information":["Denominación del alimento: Salsa Ranchera","País de origen: Estados Unidos","Nombre del operador: VELDIS, S.A.","Dirección del operador: Calle Puerto de Navacerrada, 59. 28935 Móstoles (Madrid)","Cantidad Neta: 454 g"],"ingredients":[" Aceite refinado de soja, agua, vinagre destilado de maíz, azúcar, yema de huevo pasteurizada, mazada en polvo, sal, potenciadores del sabor (glutamato de monosodio, ácido fosfórico, fosfato disódico, inosinato disódico, guanilato disódico), ajo en polvo, cebolla en polvo, espesante (goma xantana), aroma natural, conservador (ácido sórbico), nata pasteurizada, especias, contiene aceite refinado de soja y/o aceite de algodón parcialmente hidrogenados, mazada pasteurizada, emulgente (monoglicéridos y diglicéridos de ácidos grasos), conservadores (sorbato potásico y EDTA de calcio y disodio), leche desnatada en polvo, estabilizante (sulfato sódico)."],"conservation":" Agitar bien antes de usar. Después de abrir, conservar en el frigorífico.","ean":"0041335332183"},{"full_name":"CEBESA tinta de calamar envase 16 g","name":"tinta de calamar envase 16 g","brand":"CEBESA ","img":"https://sgfm.elcorteingles.es/SGFM/dctm/MEDIA02/CONTENIDOS/201411/19/00118016900146____1__600x600.jpg","price":"2,69 €","price_unit":"(168,12 € / Kilo)","categories":["Supermercado","Alimentación General","Salsas, ketchup y tomate frito","Salsas usos diversos","CEBESA tinta de calamar envase 16 g"],"general_information":[],"ingredients":[],"ean":"8424596260198"},{"full_name":"TARTUFI JIMMY salsa al tartufo nero tarro 90 g","name":"salsa al tartufo nero tarro 90 g","brand":"TARTUFI JIMMY ","img":"https://sgfm.elcorteingles.es/SGFM/dctm/MEDIA03/201605/24/00200117606012____1__600x600.jpg","price":"3,70 €","categories":["Supermercado","Alimentación General","Salsas, ketchup y tomate frito","Salsas usos diversos","TARTUFI JIMMY salsa al tartufo nero tarro 90 g"],"general_information":["Denominación del alimento: Salsa de Trufa Negra","País de origen: Italia","Nombre del operador: Inasa Import S.L","Dirección del operador: Calle Zurbarán 7. entreplanta 4-28010 Madrid","Lugar de procedencia del alimento: Italia","Cantidad Neta: 90 g"],"ingredients":[" Setas cultivadas (Agaricus bisporus), aceite de girasol11%, aceite de oliva extra virgen 5%, aceitunas negras, sal, Trufas negras 1,1% (desde Italia): 1% de trufa de verano (Tuber aestivum Vitt), Trufa negra 0,1 % (Tuber melanosporum Vitt), sabores,"],"conservation":" Conservese en lugar fresco y seco. Una vez abierto conservar en nevera máximo 7 días.","ean":"8033993040168"},{"full_name":"TARTUFI JIMMY crema al parmigiano reggiano & tartufo bianco tarro 90 g","name":"crema al parmigiano reggiano & tartufo bianco tarro 90 g","brand":"TARTUFI JIMMY ","img":"https://sgfm.elcorteingles.es/SGFM/dctm/MEDIA03/201605/24/00200117606020____1__600x600.jpg","price":"4,92 €","categories":["Supermercado","Alimentación General","Salsas, ketchup y tomate frito","Salsas usos diversos","TARTUFI JIMMY crema al parmigiano reggiano & tartufo bianco tarro 90 g"],"general_information":["Denominación del alimento: Crema de Trufa Blanca y Parmigiano Reggiano","País de origen: Italia","Nombre del operador: Inasa Import S.L","Dirección del operador: Calle Zurbarán 7. entreplanta 4-28010 Madrid","Lugar de procedencia del alimento: Italia","Cantidad Neta: 90 g","Número de raciones por envase: 12"],"ingredients":[" Nata , queso parmiggiano DOP 25 % ( leche, sal , cuajo ) , leche , aceite de oliva virgen extra  7%, mantequilla , trufa blanca 1,5 % (Tuber Magnatum Pico- prov Italia, ) ,harina de almidón de maíz , lecitina de soja, sal , sabor natural , aroma."],"conservation":" Conservese en lugar fresco y seco. Una vez abierto conservar en nevera máximo 7 días.","ean":"8033993040908"},{"full_name":"FERRER salsa romesco frasco 130 g","name":"salsa romesco frasco 130 g","brand":"FERRER ","img":"https://sgfm.elcorteingles.es/SGFM/00/86/6/0200117600866/0200117600866000g01011.jpg","price":"1,79 €            ","price_unit":"(12,69 € / Kilo)","categories":["Supermercado","Alimentación General","Salsas, ketchup y tomate frito","Salsas usos diversos","FERRER salsa romesco frasco 130 g"],"general_information":["Denominación del alimento: Salsa romesco","Nombre del operador: Ferrer tradicional, S.L.","Dirección del operador: Pol.  Ind.  Sta. Anna, Crta. Santpedor a Navarcles, Km4  -08251 Santpedor (Barcelona)","Cantidad Neta: 130 g"],"ingredients":[" tomate, aceite de girasol, aceite de oliva, agua, almendra tostada, vinagre de vino, ajo, azúcar, pimentón dulce, pimienta negra y sal."],"conservation":" Una vez abierto, mantener refrigerado y consumir antes de un mes.","ean":"8411026013103"},{"full_name":"FERRER salsa ali oli frasco 140 g","name":"salsa ali oli frasco 140 g","brand":"FERRER ","img":"https://sgfm.elcorteingles.es/SGFM/00/05/1/0200116900051/0200116900051000g01011.jpg","price":"1,94 €            ","price_unit":"(10,71 € / Kilo)","categories":["Supermercado","Alimentación General","Salsas, ketchup y tomate frito","Salsas usos diversos","FERRER salsa ali oli frasco 140 g"],"general_information":["Denominación del alimento: Salsa all i oli","Nombre del operador: Ferrer tradicional, S.L.","Dirección del operador: Pol.  Ind.  Sta. Anna, Crta. Santpedor a Navarcles, Km4  -08251 Santpedor (Barcelona)","Cantidad Neta: 140,0 g"],"ingredients":[" Aceite de girasol (77.1%), agua, ajo (6.6%), zumo de limón (zumo de limón y antioxidante E-224) y sal."],"conservation":" Una vez abierto, mantener refrigerado y consumir antes de una semana.","ean":"8411026011710"},{"full_name":"FERRER salsa calçots frasco 300 g","name":"salsa calçots frasco 300 g","brand":"FERRER ","img":"https://sgfm.elcorteingles.es/SGFM/02/13/6/0200117602136/0200117602136000g01011.jpg","price":"2,53 €","price_unit":"(8,43 € / Kilo)","categories":["Supermercado","Alimentación General","Salsas, ketchup y tomate frito","Salsas usos diversos","FERRER salsa calçots frasco 300 g"],"general_information":["Denominación del alimento: Salsa Calçots","Nombre del operador: Ferrer tradicional, S.L.","Dirección del operador: Pol.  Ind.  Sta. Anna, Crta. Santpedor a Navarcles, Km4  -08251 Santpedor (Barcelona)","Cantidad Neta: 300 g"],"ingredients":[" tomate, aceite de oliva, aceite de girasol, agua, almendra, vinagre, especias, sal, ajo y estabilizante: goma xantana."],"conservation":" Una vez abierto, mantener refrigerado y consumir en el plazo de un mes.","ean":"8411026030049"},{"full_name":"M.VITA salsa ali oli ecólogica pack 3 envases 125 ml","name":"salsa ali oli ecólogica pack 3 envases 125 ml","brand":"M.VITA ","img":"https://sgfm.elcorteingles.es/SGFM/dctm/MEDIA02/CONTENIDOS/201507/15/00200117800128____1__600x600.jpg","price":"3,59 €","price_unit":"(10,03 € / Kilo)","categories":["Supermercado","Alimentación General","Salsas, ketchup y tomate frito","Salsas usos diversos","M.VITA salsa ali oli ecólogica pack 3 envases 125 ml"],"general_information":[],"ingredients":[],"ean":"8437012780637"},{"full_name":"FRENCH'S Relish salsa de cebolla envase 320 g","name":"Relish salsa de cebolla envase 320 g","brand":"FRENCH'S ","img":"https://sgfm.elcorteingles.es/SGFM/dctm/MEDIA03/201704/12/00200117606277____1__600x600.jpg","price":"4,01 €","price_unit":"(12,53 € / Kilo)","categories":["Supermercado","Alimentación General","Salsas, ketchup y tomate frito","Salsas usos diversos","FRENCH'S Relish salsa de cebolla envase 320 g"],"general_information":["Denominación del alimento: FRENCH:RELISH NEW YORK PICKLE 315g","País de origen: Reino Unido","Nombre del operador: Ofistrade S.A.","Dirección del operador: C/Buenos Aires 38-40, entlo. C - 08036 Barcelona","Lugar de procedencia del alimento: Reino Unido","Cantidad Neta: 320 g"],"ingredients":[" Cebolla (33%), agua, azúcar, vinagre de alcohol, almidón modificado de maíz, sal, pimientos rojos desecados, cebolla seca, semillas de MOSTAZA amarilla, colorante: caramelo, cúrcuma, pimentón. Puede contener trazas de frutos secos, cacahuetes o semillas de sésamo."],"conservation":" Consérvese en lugar fresco y seco.","ean":"0041500871110"},{"full_name":"FRENCH'S salsa Relish New York pickle envase 315 g","name":"salsa Relish New York pickle envase 315 g","brand":"FRENCH'S ","img":"https://sgfm.elcorteingles.es/SGFM/dctm/MEDIA03/201704/12/00200117606285____1__600x600.jpg","price":"6,29 €","price_unit":"(19,97 € / Kilo)","categories":["Supermercado","Alimentación General","Salsas, ketchup y tomate frito","Salsas usos diversos","FRENCH'S salsa Relish New York pickle envase 315 g"],"general_information":["Denominación del alimento: FRENCH:RELISH NEW YORK PICKLE 315g","País de origen: Reino Unido","Nombre del operador: Ofistrade S.A.","Dirección del operador: C/Buenos Aires 38-40, entlo. C - 08036 Barcelona","Lugar de procedencia del alimento: Reino Unido","Cantidad Neta: 315 g"],"ingredients":[" Pepinillos (Pepinillos (38%), agua, vinagre de alcohol, sal), azúcar, agua, cebolla (5%), vinagre de alcohol, almidón modificado de maíz, corrector de acidez (ácido acético), copos de pimiento rojo desecado, semillas de MOSTAZA amarilla, cúrcuma molida, clavo molido.  Puede contener trazas de frutos secos, cacahuetes o semillas de sésamo."],"conservation":" Consérvese en lugar fresco y seco.","ean":"0041500934594"},{"full_name":"SADIK salsa de tagine frasco 350 g","name":"salsa de tagine frasco 350 g","brand":"SADIK ","img":"https://sgfm.elcorteingles.es/SGFM/dctm/MEDIA03/201707/20/00200189700040____1__600x600.jpg","price":"2,95 €","price_unit":"(8,43 € / Kilo)","categories":["Supermercado","Alimentación General","Salsas, ketchup y tomate frito","Salsas usos diversos","SADIK salsa de tagine frasco 350 g"],"general_information":[],"ingredients":[],"ean":"8436042309702"},{"full_name":"KUHNE pasta para sándwich tarro 250 ml","name":"pasta para sándwich tarro 250 ml","brand":"KUHNE ","img":"https://sgfm.elcorteingles.es/SGFM/00/01/9/0118002900019/0118002900019000g01011.jpg","price":"4,25 €","price_unit":"(15,45 € / Kilo)","categories":["Supermercado","Alimentación General","Salsas, ketchup y tomate frito","Pasta y relleno para sandwich","KUHNE pasta para sándwich tarro 250 ml"],"general_information":["Denominación del alimento: Salsa","Nombre del operador: Bolton Cile España","Dirección del operador: C/ Ombú nº 3 28045 Madrid, España","Cantidad Neta: 250 Mililitros"],"ingredients":[" Vegetales en proporción variable (pepinillos, zanahorias, repollo, coliflor y cebolla), aceite de colza (24%), agua, vinagre de alcohol, jarabe de glucosa-fructosa, almidón modificado, SUERO LÁCTEO, semillas de MOSTAZA, sal, cebollino, yema de HUEVO, aroma natural, especias, concentrado de zumo de limón, estabilizante (goma guar)"],"ean":"0000040122830"},{"full_name":"KUHNE pasta para sandwich de rábano picante tarro 135 g","name":"pasta para sandwich de rábano picante tarro 135 g","brand":"KUHNE ","img":"https://sgfm.elcorteingles.es/SGFM/00/43/0/0118017600430/0118017600430000g01011.jpg","price":"3,34 €","price_unit":"(24,74 € / Kilo)","categories":["Supermercado","Alimentación General","Salsas, ketchup y tomate frito","Pasta y relleno para sandwich","KUHNE pasta para sandwich de rábano picante tarro 135 g"],"general_information":["Denominación del alimento: Rábano picante","Nombre del operador: BOLTON CILE ESPAÑA, S.A","Dirección del operador: C/ Ombú nº3 28045 Madrid, España","Cantidad Neta: 135 g"],"ingredients":[" Rábano picante rallado, agua, aceite de colza, sal, antioxidantes: ácido cítrico y METABISULFITO sódico"],"ean":"4012200035085"},{"full_name":"IBERITOS crema de jamón de york envase 140 g","name":"crema de jamón de york envase 140 g","brand":"IBERITOS ","img":"https://sgfm.elcorteingles.es/SGFM/dctm/MEDIA02/CONTENIDOS/201601/08/00200102900453____1__600x600.jpg","price":"1,55 €            ","price_unit":"(9,64 € / Kilo)","categories":["Supermercado","Alimentación General","Salsas, ketchup y tomate frito","Pasta y relleno para sandwich","IBERITOS crema de jamón de york envase 140 g"],"general_information":["Denominación del alimento: Crema de  york","Nombre del operador: Huerta dehesa el Alcornocal, S.L.","Dirección del operador: Crta. Ex -206, s/n -06410 Santa Amalia (Badajoz)","Cantidad Neta: 140 g"],"ingredients":[" Carne de cerdo, jamón york, aceite de girasol, leche, sal, Proteína de soja, dextrosa, fécula de patata, almidón, estabilizantes (E-450i, E-452i,) aromas, especias, conservador E-250, potenciador del sabor E-621, colorante E-120."],"conservation":" No necestia frío.","ean":"8437002919337"},{"full_name":"IBERITOS crema de jamon curado envase 140 g","name":"crema de jamon curado envase 140 g","brand":"IBERITOS ","img":"https://sgfm.elcorteingles.es/SGFM/dctm/MEDIA03/201703/02/00118002900621____1__600x600.jpg","price":"1,55 €","price_unit":"(11,07 € / Kilo)","categories":["Supermercado","Alimentación General","Salsas, ketchup y tomate frito","Pasta y relleno para sandwich","IBERITOS crema de jamon curado envase 140 g"],"general_information":["Denominación del alimento: Crema de jamón","Nombre del operador: Huerta dehesa el Alcornocal, S.L.","Dirección del operador: Crta. Ex -206, s/n -06410 Santa Amalia (Badajoz)","Cantidad Neta: 140 g"],"ingredients":[" Carne de cerdo, jamón curado 15% fécula de patata, aceite de girasol, leche, proteína de soja, almidón, dextrosa, sal ,especies, estabilizantes (E-450i, E-452i, E-407, E-331, E-316) potenciador del sabor E-621, aromas y colorante E-120, conservador E-250."],"conservation":" No necestia frío.","ean":"8437002919863"},{"full_name":"LA PIARA atún para sándwich ensaladas pasta o arroz frasco 180 g neto escurrido","name":"atún para sándwich ensaladas pasta o arroz frasco 180 g neto escurrido","brand":"LA PIARA ","img":"https://sgfm.elcorteingles.es/SGFM/dctm/MEDIA03/201707/05/00200102900107____1__600x600.jpg","price":"2,65 €            ","price_unit":"(12,50 € / Kilo)","categories":["Supermercado","Alimentación General","Salsas, ketchup y tomate frito","Pasta y relleno para sandwich","LA PIARA atún para sándwich ensaladas pasta o arroz frasco 180 g neto escurrido"],"general_information":["Denominación del alimento: PREPARADO ALIMENTICIO PARA SANDWICHPREPARADO ALIMENTÍCIO PARA SANDUÍCHE","País de origen: España","Nombre del operador: La Piara S.A.","Dirección del operador: Ctra. BV-4608, Km 21,2 La Gleva 08560-Manlleu","Cantidad Neta: 180 g"],"ingredients":[" Salsa suave (agua, aceite de girasol, vinagre, yema de huevos, fibra vegetal, especias, azúcar, almidón, maltodextrina, espesante: E 1442, aromas, sal, potenciador del sabor: E 621, emulgente: E 435, antioxidante: E 385), atún (30%), pimientos rojos, aceitunas y huevos duros. Contiene aceite de mostaza. Puede contener leche."],"conservation":" Una vez abierto mantener en el frigorífico y consumir en el plazo de una semanaDepois de aberto, conservar no frio e consumir no prazo de uma semana","ean":"8412500956039"}]