[{"full_name":"EL CORTE INGLES arroz 3 delicias con marisco bolsa 500 g","name":"arroz 3 delicias con marisco bolsa 500 g","brand":"EL CORTE INGLES ","img":"https://sgfm.elcorteingles.es/SGFM/dctm/MEDIA03/201607/20/00118958200489____1__600x600.jpg","price":"1,39 €","price_unit":"(2,78 € / Kilo)","categories":["Supermercado","Congelados","Salteados congelados","Salteados congelados","EL CORTE INGLES arroz 3 delicias con marisco bolsa 500 g"],"general_information":["Denominación del alimento: Arroz 3 delicias con marisco. Producto ultracongelado","Nombre del operador: Distribuido para El Corte Inglés por\nGELAGRI IBÉRICA, S.L. \nCtra. Valtierra s/n ? 31320 Milagro\nNavarra (España)","Cantidad Neta: 500 g","Número de raciones por envase: 2"],"ingredients":[" Ingredientes: Arroz cocido (agua y arroz), guisantes, zanahoria, surimi (agua, surimi (pescado, azúcar), almidón de maíz, almidón de tapioca, clara de huevo, humectante (E 420), sal, aceite de soja, aroma cangrejo (crustáceo), potenciadores de sabor (E 621, E 635), mirin, colorantes (E 170, E 120, E 160c)), tortilla (huevo entero pasteurizado, agua, harina de arroz, sal y acidulante (E 330)), maíz y gamba (5,0%) (gamba pelada, agua, sal y corrector de acidez (E 331))."],"conservation":" CONSERVACIÓN MÁXIMA EN EL CONGELADOR DE SU FRIGORÍFICO \nEn el congelador de (*) 1 semana \nEn el congelador de (**) 1 mes \nEn el congelador de (***) Varios meses \nEn el congelador de (****) Ver fecha de consumo preferente \nA partir del momento de su colocación en dicho congelador \n\nCONSERVACIÓN MÁXIMA EN EL FRIGORÍFICO: 1 día \n\nConsérvese a temperaturas inferiores a ?18ºC \n\nMantenga la calidad respetando las condiciones de conservación. Producto ultracongelado, no volver a congelar una vez descongelado.","ean":"8433329070225"},{"full_name":"EL CORTE INGLES arroz 3 delicias con pollo 2 raciones bolsa 500 g","name":"arroz 3 delicias con pollo 2 raciones bolsa 500 g","brand":"EL CORTE INGLES ","img":"https://sgfm.elcorteingles.es/SGFM/dctm/MEDIA03/201607/13/00118958200471____1__600x600.jpg","price":"1,39 €","price_unit":"(2,78 € / Kilo)","categories":["Supermercado","Congelados","Salteados congelados","Salteados congelados","EL CORTE INGLES arroz 3 delicias con pollo 2 raciones bolsa 500 g"],"general_information":["Denominación del alimento: Arroz 3 delicias con pollo. Producto ultracongelado","Nombre del operador: Distribuido para El Corte Inglés por\nGELAGRI IBÉRICA, S.L. \nCtra. Valtierra s/n ? 31320 Milagro\nNavarra (España)","Cantidad Neta: 500 g","Número de raciones por envase: 2"],"ingredients":[" Ingredientes: Arroz cocido (agua y arroz), guisantes, pechuga de pollo cocida (6,5%) (pechuga de pollo, agua, sal y estabilizantes (E 451i, E 407), zanahoria, tortilla (huevo entero pasteurizado, agua,harina de arroz, sal y acidulante (E 330)) y fiambre de magro de cerdo (carne de cerdo, agua, almidón de patata, sal, azúcar, estabilizantes (E 451i, E 407), antioxidantes (E 316, E 392), conservador (E 250), colorante natural (E 120), aromas y especias)."],"conservation":" CONSERVACIÓN MÁXIMA EN EL CONGELADOR DE SU FRIGORÍFICO \nEn el congelador de (*) 1 semana \nEn el congelador de (**) 1 mes \nEn el congelador de (***) Varios meses \nEn el congelador de (****) Ver fecha de consumo preferente \nA partir del momento de su colocación en dicho congelador \n\nCONSERVACIÓN MÁXIMA EN EL FRIGORÍFICO: 1 día \n\nConsérvese a temperaturas inferiores a ?18ºC \n\nMantenga la calidad respetando las condiciones de conservación. Producto ultracongelado, no volver a congelar una vez descongelado.","ean":"8433329070218"},{"full_name":"EL CORTE INGLES arroz 3 delicias tradicional 2 raciones bolsa 500 g","name":"arroz 3 delicias tradicional 2 raciones bolsa 500 g","brand":"EL CORTE INGLES ","img":"https://sgfm.elcorteingles.es/SGFM/dctm/MEDIA03/201605/20/00118958200497____1__600x600.jpg","price":"1,25 €","price_unit":"(2,50 € / Kilo)","categories":["Supermercado","Congelados","Salteados congelados","Salteados congelados","EL CORTE INGLES arroz 3 delicias tradicional 2 raciones bolsa 500 g"],"general_information":["Denominación del alimento: Arroz 3 delicias tradicional. Producto ultracongelado","Nombre del operador: Distribuido para El Corte Inglés por\nGELAGRI IBÉRICA, S.L. \nCtra. Valtierra s/n ? 31320 Milagro\nNavarra (España)","Cantidad Neta: 500 g","Número de raciones por envase: 2"],"ingredients":[" Ingredientes: Arroz cocido (agua y arroz), guisantes, zanahoria, fiambre de magro (carne de cerdo, agua, almidón de patata, sal, azúcar, estabilizantes (E 451i, E 407), antioxidantes (E 316, E 392), conservador (E 250), colorante natural (E 120), aromas y especias), gamba (gamba pelada, agua, sal y corrector de acidez (E 331)) y tortilla (huevo entero pasteurizado, agua,harina de arroz, sal y acidulante (E 330))."],"conservation":" CONSERVACIÓN MÁXIMA EN EL CONGELADOR DE SU FRIGORÍFICO \nEn el congelador de (*) 1 semana \nEn el congelador de (**) 1 mes \nEn el congelador de (***) Varios meses \nEn el congelador de (****) Ver fecha de consumo preferente \nA partir del momento de su colocación en dicho congelador \n\nCONSERVACIÓN MÁXIMA EN EL FRIGORÍFICO: 1 día \n\nConsérvese a temperaturas inferiores a ?18ºC \n\nMantenga la calidad respetando las condiciones de conservación. Producto ultracongelado, no volver a congelar una vez descongelado.","ean":"8433329070201"},{"full_name":"EL CORTE INGLES revuelto de gambas ajetes y esparragos trigueros bolsa 450 g","name":"revuelto de gambas ajetes y esparragos trigueros bolsa 450 g","brand":"EL CORTE INGLES ","img":"https://sgfm.elcorteingles.es/SGFM/dctm/MEDIA03/201606/30/00118958400477____1__600x600.jpg","price":"2,58 €","price_unit":"(5,73 € / Kilo)","categories":["Supermercado","Congelados","Salteados congelados","Salteados congelados","EL CORTE INGLES revuelto de gambas ajetes y esparragos trigueros bolsa 450 g"],"general_information":["Denominación del alimento: Mezcla de gambas, ajetes y esparragos trigueros ultragongelada","Nombre del operador: Elaborado para El Corte Inglés\npor Congelados de Navarra, S.A.U.                     Ctra. NA-134, KM 16 - 31513 Argueda (Navarra) España","Cantidad Neta: 450 g","Número de raciones por envase: 3.0"],"ingredients":[" Ingredientes: Gamba pelada cruda (Gamba, agua, sal, corrector acidez E-331) min 27%, ajetes min 27%, esparragos verdes tallos y puntas min 27%."],"conservation":" Conservar a -18ºC.                                                     En frigorifico:  1 día                                                   En congelador:  sin estrellas: 3 días                              *: una semana                                                             **: 1 mes                                                                      *** ó ****: ver fecha de consumo preferente                  No volver a congelar una vez descongelado","ean":"8433329069786"},{"full_name":"EL CORTE INGLES salteado de verduras asadas bolsa 400 g","name":"salteado de verduras asadas bolsa 400 g","brand":"EL CORTE INGLES ","img":"https://sgfm.elcorteingles.es/SGFM/dctm/MEDIA03/201604/01/00118958300701____1__600x600.jpg","price":"1,58 €","price_unit":"(3,95 € / Kilo)","categories":["Supermercado","Congelados","Salteados congelados","Salteados congelados","EL CORTE INGLES salteado de verduras asadas bolsa 400 g"],"general_information":["Denominación del alimento: Mezcla de verduras asadas ultracongelada","Nombre del operador: Elaborado para El Corte Inglés\npor Congelados de Navarra, S.A.U.                     Ctra. NA-134, KM 16 - 31513 Argueda (Navarra) España","Cantidad Neta: 400 g","Número de raciones por envase: 2.0"],"ingredients":[" Ingredientes: Berenjena asada, calabacín asado, pimientos rojo y amarillo asados y cebolla asada."],"conservation":" Conservar a -18ºC.                                                      En frigorifico:  1 día                                                   En congelador:  sin estrellas: 3 días                              *: una semana                                                             **: 1 mes                                                                      *** ó ****: ver fecha de consumo preferente                  No volver a congelar una vez descongelado","ean":"8433329069762"},{"full_name":"EL CORTE INGLES salteado tradicional de verduras bolsa 400 g","name":"salteado tradicional de verduras bolsa 400 g","brand":"EL CORTE INGLES ","img":"https://sgfm.elcorteingles.es/SGFM/dctm/MEDIA03/201606/30/00118958300719____1__600x600.jpg","price":"0,93 €","price_unit":"(2,32 € / Kilo)","categories":["Supermercado","Congelados","Salteados congelados","Salteados congelados","EL CORTE INGLES salteado tradicional de verduras bolsa 400 g"],"general_information":["Denominación del alimento: Mezcla de verduras ultracongelada","Nombre del operador: Elaborado para El Corte Inglés\npor Congelados de Navarra, S.A.U.                     Ctra. NA-134, KM 16 - 31513 Argueda (Navarra) España","Cantidad Neta: 400 g","Número de raciones por envase: 2.0"],"ingredients":[" Ingredientes: Judia verde redonda troceada, brocoli, champiñon laminado, cebolla y pimiento rojo."],"conservation":" Conservar a -18ºC.                                                    En frigorifico:  1 día                                                   En congelador:  sin estrellas: 3 días                              *: una semana                                                             **: 1 mes                                                                      *** ó ****: ver fecha de consumo preferente                  No volver a congelar una vez descongelado","ean":"8433329069779"},{"full_name":"EL CORTE INGLES bolsa 400 g relleno de verduras y pollo para fajitas incluye bolsita sazonador","name":" bolsa 400 g","brand":"EL CORTE INGLES ","img":"https://sgfm.elcorteingles.es/SGFM/dctm/MEDIA03/201609/22/00118958400485____1__600x600.jpg","price":"1,87 €","price_unit":"(4,68 € / Kilo)","categories":["Supermercado","Congelados","Salteados congelados","Salteados congelados","EL CORTE INGLES bolsa 400 g relleno de verduras y pollo para fajitas incluye bolsita sazonador"],"general_information":["Denominación del alimento: Mezcla de verduras y pollo cocido con bolsita de sazonador ultracongelada","Nombre del operador: Elaborado para El Corte Inglés\npor Congelados de Navarra, S.A.U.                     Ctra. NA-134, KM 16 - 31513 Argueda (Navarra) España","Cantidad Neta: 400 g","Número de raciones por envase: 5.0"],"ingredients":[" Ingredientes: Pechuga de pollo cocida (pechuga de pollo, agua, sal, estabilizantes: E 451i, E 407), pimiento rojo, pimiento verde y cebolla.\nBolsita de sazonador (azucar, sal, suero lácteo en polvo, potenciador de sabor: glutamato de monosodio, jengibre, pimienta negra, pimienta cayena, cebolla en polvo, ajo en polvo, proteina vegetal hidrolizada (soja, maíz), levadura inactivada, aromas, extracto de levadura, aroma de humo, acidulante: ácido cítrico y colorante: extracto de pimenton)"],"conservation":" Conservar a temperaturas inferiores a -18ºC.  Una vez descongelado no volver a congelar.","ean":"8433329069793"},{"full_name":"FINDUS SALTO paella valenciana bolsa 700 g","name":"paella valenciana bolsa 700 g","brand":"FINDUS SALTO ","img":"https://sgfm.elcorteingles.es/SGFM/00/13/3/0118958200133/0118958200133000g01011.jpg","price":"4,64 €","price_unit":"(6,63 € / Kilo)","categories":["Supermercado","Congelados","Salteados congelados","Salteados congelados","FINDUS SALTO paella valenciana bolsa 700 g"],"general_information":["Denominación del alimento: Mezcla condimentada de arroz cocido con hortalizas, legumbre y pechuga de pollo cocida ultracongelada","Nombre del operador: FINDUS ESPAÑA, S.L.U.","Dirección del operador: P.I. Berroa. C/ Berroa 13, 1ª planta. 31192 Tajonar (Navarra)","Cantidad Neta: 700 g","Número de raciones por envase: 3","Otras menciones obligatorias en la etiqueta: Producto ultracongelado."],"ingredients":[" Arroz cocido (agua, arroz y especia), pollo asado (pechuga de pollo, sal, dextrosa de tapioca), judía verde plana, garrofón (garrofón, agua y sal), aceite de oliva, cebolla, pimiento rojo, pimiento verde, coliflor, aroma, concentrado de tomate, sal,  ajo, extracto de levadura, almidón de trigo, especias, aceite de girasol y grasa de pato."],"conservation":" Producto ultracongelado. Conservar a -18°C o temperaturas inferiores.","ean":"8410480201897"},{"full_name":"FINDUS tradicionales pisto con tomate 2 raciones bolsa 450 g","name":"tradicionales pisto con tomate 2 raciones bolsa 450 g","brand":"FINDUS ","img":"https://sgfm.elcorteingles.es/SGFM/dctm/MEDIA03/201605/18/00118958300560____2__600x600.jpg","price":"2,79 €","price_unit":"(6,20 € / Kilo)","categories":["Supermercado","Congelados","Salteados congelados","Salteados congelados","FINDUS tradicionales pisto con tomate 2 raciones bolsa 450 g"],"general_information":["Denominación del alimento: Pisto con salsa de tomate ultracongelado","Nombre del operador: FINDUS ESPAÑA, S.L.U.","Dirección del operador: P.I. Berroa. C/ Berroa 13, 1ª planta. 31192 Tajonar (Navarra)","Cantidad Neta: 450 g","Número de raciones por envase: 2","Otras menciones obligatorias en la etiqueta: Producto ultracongelado."],"ingredients":[" Salsa de tomate (21%) (tomate, almidón, cebolla, aceite de oliva, ajo, azúcar, sal, dextrosa de maíz, maltodextrina de patata, aroma), calabacín, berenjena, tomate, cebolla, patata, pimiento verde, pimiento rojo, aceite de girasol."],"conservation":" Producto ultracongelado. Conservar a -18°C o temperaturas inferiores.","ean":"8410092017909"},{"full_name":"FINDUS guisantes con jamón listo en 5 minutos 2 raciones bolsa 450 g","name":"guisantes con jamón listo en 5 minutos 2 raciones bolsa 450 g","brand":"FINDUS ","img":"https://sgfm.elcorteingles.es/SGFM/dctm/MEDIA03/201605/18/00118958400287____2__600x600.jpg","price":"2,79 €","price_unit":"(6,20 € / Kilo)","categories":["Supermercado","Congelados","Salteados congelados","Salteados congelados","FINDUS guisantes con jamón listo en 5 minutos 2 raciones bolsa 450 g"],"general_information":["Denominación del alimento: Guisantes con jamón ultracongelados","Nombre del operador: FINDUS ESPAÑA, S.L.U.","Dirección del operador: P.I. Berroa. C/ Berroa 13, 1ª planta. 31192 Tajonar (Navarra)","Cantidad Neta: 450 g","Número de raciones por envase: 2","Otras menciones obligatorias en la etiqueta: Producto ultracongelado."],"ingredients":[" Guisantes (82%),  jamón cocido (6%) (jamón de cerdo, agua, sal, estabilizadores: E407, E451 y E452, dextrosa, aroma natural, antioxidante: ascorbato de sodio, conservante: E250), cebolla, aceite de girasol, maltodextrina, sal, harina de maíz, extracto de levadura, fécula de patata, aromas, tomate en polvo, especias, perejil."],"conservation":" Producto ultracongelado. Conservar a -18°C o temperaturas inferiores.","ean":"8410092016735"},{"full_name":"FINDUS SALTO paella de marisco bolsa 700 g","name":"paella de marisco bolsa 700 g","brand":"FINDUS SALTO ","img":"https://sgfm.elcorteingles.es/SGFM/00/12/5/0118958200125/0118958200125000g01011.jpg","price":"4,40 €","price_unit":"(6,29 € / Kilo)","categories":["Supermercado","Congelados","Salteados congelados","Salteados congelados","FINDUS SALTO paella de marisco bolsa 700 g"],"general_information":["Denominación del alimento: Mezcla condimentada de arroz cocido con hortalizas y mariscos ultracongelada","Nombre del operador: FINDUS ESPAÑA, S.L.U.","Dirección del operador: P.I. Berroa. C/ Berroa 13, 1ª planta. 31192 Tajonar (Navarra)","Cantidad Neta: 700 g","Número de raciones por envase: 3","Otras menciones obligatorias en la etiqueta: Producto ultracongelado."],"ingredients":[" Arroz cocido (agua, arroz y especia), gamba pelada (9%) (gamba pelada, agua y sal), judía verde plana, calamar (6%) (calamar y agua), pimiento rojo, caldo de pescados (agua, pescadoS, tomate, cebolla, crustáceos, aceite de oliva, ajo y especia), pota (pota y agua), concentrado de tomate, sal, aceite de oliva, ajo, aceite de girasol, pimiento verde, extracto de levadura y especias."],"conservation":" Producto ultracongelado. Conservar a -18°C o temperaturas inferiores.","ean":"8410480201903"},{"full_name":"FINDUS SALTO pasta oriental con gambas bolsa 350 g","name":"pasta oriental con gambas bolsa 350 g","brand":"FINDUS SALTO ","img":"https://sgfm.elcorteingles.es/SGFM/dctm/MEDIA02/CONTENIDOS/201601/20/00118959600166____1__600x600.jpg","price":"3,55 €","price_unit":"(10,14 € / Kilo)","categories":["Supermercado","Congelados","Salteados congelados","Salteados congelados","FINDUS SALTO pasta oriental con gambas bolsa 350 g"],"general_information":["Denominación del alimento: Mezcla de pasta, hortalizas y gambas ultracongelada","Nombre del operador: FINDUS ESPAÑA, S.L.U.","Dirección del operador: P.I. Berroa. C/ Berroa 13, 1ª planta. 31192 Tajonar (Navarra)","Cantidad Neta: 350 g","Número de raciones por envase: 3","Otras menciones obligatorias en la etiqueta: Producto ultracongelado."],"ingredients":[" Pasta alimenticia fresca al huevo cocida (30%) (sémola de trigo duro, agua, huevo entero en polvo, aceite de girasol y sal), cebolla, gamba pelada (8%) (gamba pelada, agua y sal), zanahoria, agua, brotes de judía mungo, pimiento verde, seta negra cultivada (Auricularia auricularia-judae), caldo de pescado (agua, pescado, tomate, cebolla, crustáceos, aceite de oliva, ajo y especias) salsa de soja (agua, soja, trigo y sal), bebida fermentada de arroz (agua y arroz), almidón de trigo, aceites de girasol y sésamo, extracto de levadura (extracto de levadura y sal), ajo y especias."],"conservation":" Producto ultracongelado. Conservar a -18°C o temperaturas inferiores.","ean":"8410480202412"},{"full_name":"FINDUS COCINA FACIL preparado para revuelto tradicional con setas 2 raciones bolsa 300 g","name":"preparado para revuelto tradicional con setas 2 raciones bolsa 300 g","brand":"FINDUS COCINA FACIL ","img":"https://sgfm.elcorteingles.es/SGFM/dctm/MEDIA02/CONTENIDOS/201506/22/00118958300479____1__600x600.jpg","price":"2,79 €","price_unit":"(9,30 € / Kilo)","categories":["Supermercado","Congelados","Salteados congelados","Salteados congelados","FINDUS COCINA FACIL preparado para revuelto tradicional con setas 2 raciones bolsa 300 g"],"general_information":["Denominación del alimento: Mezcla de hortalizas,  setas cultivadas y gambas para saltear ultracongelada","Nombre del operador: FINDUS ESPAÑA, S.L.U.","Dirección del operador: P.I. Berroa. C/ Berroa 13, 1ª planta. 31192 Tajonar (Navarra)","Cantidad Neta: 300 g","Otras menciones obligatorias en la etiqueta: Producto ultracongelado."],"ingredients":[" Setas 39% [champiñón cultivado (Agaricus bisporus)  y seta ostra cultivada (Pleurotus ostreatus)], ajete, espárrago verde, gambas peladas (gamba pelada, agua y sal)."],"conservation":" Producto ultracongelado. Conservar a -18°C o temperaturas inferiores.","ean":"8410092104159"},{"full_name":"FINDUS espinacas a la crema tradicionales para microondas y sartén 2 raciones bolsa 450 g","name":"espinacas a la crema tradicionales para microondas y sartén 2 raciones bolsa 450 g","brand":"FINDUS ","img":"https://sgfm.elcorteingles.es/SGFM/dctm/MEDIA03/201605/25/00118958300644____2__600x600.jpg","price":"2,79 €","price_unit":"(6,20 € / Kilo)","categories":["Supermercado","Congelados","Salteados congelados","Salteados congelados","FINDUS espinacas a la crema tradicionales para microondas y sartén 2 raciones bolsa 450 g"],"general_information":["Denominación del alimento: Espinacas a la crema miniporciones ultracongeladas","Nombre del operador: FINDUS ESPAÑA, S.L.U.","Dirección del operador: P.I. Berroa. C/ Berroa 13, 1ª planta. 31192 Tajonar (Navarra)","Cantidad Neta: 450 g","Otras menciones obligatorias en la etiqueta: Producto ultracongelado."],"ingredients":[" Espinacas (70%), agua, nata (4%), aceite de nabina, lactosa, proteina láctea, leche desnatada en polvo, almidón, cebolla en polvo, sal, extracto de levadura, azúcar, espesantes: goma guar y goma xantana, zanahoria y puerro en polvo, aromas naturales."],"conservation":" Producto ultracongelado. Conservar a -18°C o temperaturas inferiores.","ean":"7310500024585"},{"full_name":"FINDUS SALTO salteado campestre bolsa 500 g","name":"salteado campestre bolsa 500 g","brand":"FINDUS SALTO ","img":"https://sgfm.elcorteingles.es/SGFM/dctm/MEDIA03/201611/10/00118958300339____1__600x600.jpg","price":"2,93 €            ","price_unit":"(5,58 € / Kilo)","categories":["Supermercado","Congelados","Salteados congelados","Salteados congelados","FINDUS SALTO salteado campestre bolsa 500 g"],"general_information":["Denominación del alimento: Mezcla de hortalizas para saltear ultracongelada","Nombre del operador: FINDUS ESPAÑA, S.L.U.","Dirección del operador: P.I. Berroa. C/ Berroa 13, 1ª planta. 31192 Tajonar (Navarra)","Cantidad Neta: 500 g","Número de raciones por envase: 2","Otras menciones obligatorias en la etiqueta: Producto ultracongelado."],"ingredients":[" Judía verde, judía crema, zanahoria, berenjena, cebolla, aceite de girasol."],"conservation":" Producto ultracongelado. Conservar a -18°C o temperaturas inferiores.","ean":"8410074004804"},{"full_name":"FINDUS tradicionales espinacas al ajillo 2 raciones bolsa 450 g","name":"tradicionales espinacas al ajillo 2 raciones bolsa 450 g","brand":"FINDUS ","img":"https://sgfm.elcorteingles.es/SGFM/dctm/MEDIA03/201605/25/00118958300214____2__600x600.jpg","price":"2,79 €","price_unit":"(6,20 € / Kilo)","categories":["Supermercado","Congelados","Salteados congelados","Salteados congelados","FINDUS tradicionales espinacas al ajillo 2 raciones bolsa 450 g"],"general_information":["Denominación del alimento: Espinacas al ajillo ultracongeladas","Nombre del operador: FINDUS ESPAÑA, S.L.U.","Dirección del operador: P.I. Berroa. C/ Berroa 13, 1ª planta. 31192 Tajonar (Navarra)","Cantidad Neta: 450 g","Número de raciones por envase: 2","Otras menciones obligatorias en la etiqueta: Producto ultracongelado."],"ingredients":[" Espinacas, aceite de girasol, ajo, sal."],"conservation":" Producto ultracongelado. Conservar a -18°C o temperaturas inferiores.","ean":"8410092016759"},{"full_name":"FINDUS SALTO brasador de verduras con pollo bolsa 500 g","name":"brasador de verduras con pollo bolsa 500 g","brand":"FINDUS SALTO ","img":"https://sgfm.elcorteingles.es/SGFM/00/13/9/0118958400139/0118958400139000g01011.jpg","price":"3,33 €","price_unit":"(6,66 € / Kilo)","categories":["Supermercado","Congelados","Salteados congelados","Salteados congelados","FINDUS SALTO brasador de verduras con pollo bolsa 500 g"],"general_information":["Denominación del alimento: Mezcla de hortalizas y pechuga de pollo para saltear ultracongelada","Nombre del operador: FINDUS ESPAÑA, S.L.U.","Dirección del operador: P.I. Berroa. C/ Berroa 13, 1ª planta. 31192 Tajonar (Navarra)","Cantidad Neta: 500 g","Número de raciones por envase: 2","Otras menciones obligatorias en la etiqueta: Producto ultracongelado."],"ingredients":[" Calabacín, cebolla, berenjena, pimiento rojo, tomate (12,8%),  pechuga de pollo cocida (10%) (pechuga de pollo, agua, sal, dextrosa), aceite de girasol, albahaca, sal, ajo concentrado, almidón modificado, extracto de especias."],"conservation":" Producto ultracongelado. Conservar a -18°C o temperaturas inferiores.","ean":"8410092016001"},{"full_name":"FINDUS SALTO salteado de patata con ternera y bacon bolsa 400 g","name":"salteado de patata con ternera y bacon bolsa 400 g","brand":"FINDUS SALTO ","img":"https://sgfm.elcorteingles.es/SGFM/00/42/8/0118958400428/0118958400428000g01011.jpg","price":"2,99 €","price_unit":"(7,48 € / Kilo)","categories":["Supermercado","Congelados","Salteados congelados","Salteados congelados","FINDUS SALTO salteado de patata con ternera y bacon bolsa 400 g"],"general_information":["Denominación del alimento: Mezcla de patata prefrita, carne de vacuno cocida y bacon para saltear ultracongelada","Nombre del operador: FINDUS ESPAÑA, S.L.U.","Dirección del operador: P.I. Berroa. C/ Berroa 13, 1ª planta. 31192 Tajonar (Navarra)","Cantidad Neta: 400 g","Número de raciones por envase: 2","Otras menciones obligatorias en la etiqueta: Producto ultracongelado."],"ingredients":[" Patata (59%), cebolla, carne cocida de vacuno (8%), panceta cocida de cerdo (4%), agua, aceite de girasol, sal, azúcar, aroma de humo, estabilizante: E451i, antioxidante: E316, conservador: E250, especias, proteína de soja, potenciador del sabor: glutamato monosódico, aroma, dextrosa, almidón, extracto de especias."],"conservation":" Producto ultracongelado. Conservar a -18°C o temperaturas inferiores.","ean":"8410092140492"},{"full_name":"FINDUS guarniciones de setas con ajo y perejil 2 raciones bolsa 350 g","name":"guarniciones de setas con ajo y perejil 2 raciones bolsa 350 g","brand":"FINDUS ","img":"https://sgfm.elcorteingles.es/SGFM/dctm/MEDIA03/201605/18/00118958300487____2__600x600.jpg","price":"2,79 €","price_unit":"(7,97 € / Kilo)","categories":["Supermercado","Congelados","Salteados congelados","Salteados congelados","FINDUS guarniciones de setas con ajo y perejil 2 raciones bolsa 350 g"],"general_information":["Denominación del alimento: Mezcla de setas cultivadas aliñadas con ajo y perejil","Nombre del operador: FINDUS ESPAÑA, S.L.U.","Dirección del operador: P.I. Berroa. C/ Berroa 13, 1ª planta. 31192 Tajonar (Navarra)","Cantidad Neta: 350 g","Otras menciones obligatorias en la etiqueta: Producto ultracongelado."],"ingredients":[" Champiñón cultivado (Agaricus bisporus), seta shiitake cultivada (Lentinula edodes), seta de ostra cultivada (Pleurotus ostreatus), seta nameko cultivada (Pholiota nameko), ajo, perejil, sal, aroma natural, almidón modificado."],"conservation":" Producto ultracongelado. Conservar a -18°C o temperaturas inferiores.","ean":"8410092106542"},{"full_name":"FINDUS SALTO brasador de verduras con gambas bolsa 500 g","name":"brasador de verduras con gambas bolsa 500 g","brand":"FINDUS SALTO ","img":"https://sgfm.elcorteingles.es/SGFM/00/12/1/0118958400121/0118958400121000g01011.jpg","price":"3,33 €","price_unit":"(6,66 € / Kilo)","categories":["Supermercado","Congelados","Salteados congelados","Salteados congelados","FINDUS SALTO brasador de verduras con gambas bolsa 500 g"],"general_information":["Denominación del alimento: Mezcla de hortalizas y gambas para saltear ultracongelada","Nombre del operador: FINDUS ESPAÑA, S.L.U.","Dirección del operador: P.I. Berroa. C/ Berroa 13, 1ª planta. 31192 Tajonar (Navarra)","Cantidad Neta: 500 g","Número de raciones por envase: 2","Otras menciones obligatorias en la etiqueta: Producto ultracongelado."],"ingredients":[" Berenjena, ajete, espárrago verde, cebolla, gamba pelada (12%) (gamba, agua, sal), tomate confitado (9,4%) (tomate, sal, azúcar), aceite de girasol, sal, ajo, almidón modificado."],"conservation":" Producto ultracongelado. Conservar a -18°C o temperaturas inferiores.","ean":"8410092016025"},{"full_name":"FINDUS tradicionales espinacas con pasas y piñones 2 raciones bolsa 400 g","name":"tradicionales espinacas con pasas y piñones 2 raciones bolsa 400 g","brand":"FINDUS ","img":"https://sgfm.elcorteingles.es/SGFM/dctm/MEDIA02/CONTENIDOS/201601/21/00118958300578____2__600x600.jpg","price":"2,79 €","price_unit":"(6,98 € / Kilo)","categories":["Supermercado","Congelados","Salteados congelados","Salteados congelados","FINDUS tradicionales espinacas con pasas y piñones 2 raciones bolsa 400 g"],"general_information":["Denominación del alimento: Mezcla de espinaca con pasas y piñones ultracongelada","Nombre del operador: FINDUS ESPAÑA, S.L.U.","Dirección del operador: P.I. Berroa. C/ Berroa 13, 1ª planta. 31192 Tajonar (Navarra)","Cantidad Neta: 400 g","Número de raciones por envase: 2","Otras menciones obligatorias en la etiqueta: Producto ultracongelado."],"ingredients":[" Espinacas (80%), cebolla, aceite de girasol, uvas pasas (4%), piñones (1,5%), ajo, sal."],"conservation":" Producto ultracongelado. Conservar a -18°C o temperaturas inferiores.","ean":"8410092131988"},{"full_name":"FINDUS menestra tradicional 2 raciones bolsa 450 g","name":"menestra tradicional 2 raciones bolsa 450 g","brand":"FINDUS ","img":"https://sgfm.elcorteingles.es/SGFM/dctm/MEDIA03/201605/18/00118958300495____2__600x600.jpg","price":"2,79 €","price_unit":"(6,20 € / Kilo)","categories":["Supermercado","Congelados","Salteados congelados","Salteados congelados","FINDUS menestra tradicional 2 raciones bolsa 450 g"],"general_information":["Denominación del alimento: Menestra ultracongelada","Nombre del operador: FINDUS ESPAÑA, S.L.U.","Dirección del operador: P.I. Berroa. C/ Berroa 13, 1ª planta. 31192 Tajonar (Navarra)","Cantidad Neta: 450 g","Número de raciones por envase: 2","Otras menciones obligatorias en la etiqueta: Producto ultracongelado."],"ingredients":[" Judía verde plana, guisantes, zanahoria, salsa (agua, ajo, aceite de oliva, almidón de arroz, sal, dextrosa, zanahoria en polvo, sirope de glucosa, extractos de pimienta, cebolla y perejil), champiñón cultivado (Agaricus bisporus), coliflor, alcachofa."],"conservation":" Producto ultracongelado. Conservar a -18°C o temperaturas inferiores.","ean":"8410092017916"},{"full_name":"FINDUS SALTO arroz negro con tinta y calamar bolsa 700 g","name":"arroz negro con tinta y calamar bolsa 700 g","brand":"FINDUS SALTO ","img":"https://sgfm.elcorteingles.es/SGFM/dctm/MEDIA02/CONTENIDOS/201408/08/00118958200463____1__600x600.jpg","price":"4,64 €","price_unit":"(6,63 € / Kilo)","categories":["Supermercado","Congelados","Salteados congelados","Salteados congelados","FINDUS SALTO arroz negro con tinta y calamar bolsa 700 g"],"general_information":["Denominación del alimento: Mezcla condimentada de arroz cocido con tinta de sepia y mariscos ultracongelada","Nombre del operador: FINDUS ESPAÑA, S.L.U.","Dirección del operador: P.I. Berroa. C/ Berroa 13, 1ª planta. 31192 Tajonar (Navarra)","Cantidad Neta: 700 g","Número de raciones por envase: 3","Otras menciones obligatorias en la etiqueta: Producto ultracongelado."],"ingredients":[" Arroz cocido 62% (agua y arroz), gamba pelada 12% (gamba pelada, agua y sal), anillas de calamar 10% (calamar y agua), cebolla, agua, caldo de pescado (agua, pescado, tomate, cebolla, aceite de oliva, crustáceos y especias), pimiento verde, tinta de sepia (tinta de sepia y sal), aceite de oliva,  ajo, tomate concentrado, aceite de girasol, almidón de trigo, extracto de levadura, sal y especias."],"conservation":" Producto ultracongelado. Conservar a -18°C o temperaturas inferiores.","ean":"8410480201958"},{"full_name":"FINDUS tradicionales habitas con jamón bolsa 230 g","name":"tradicionales habitas con jamón bolsa 230 g","brand":"FINDUS ","img":"https://sgfm.elcorteingles.es/SGFM/dctm/MEDIA03/201605/18/00118958400345____2__600x600.jpg","price":"2,79 €","price_unit":"(12,13 € / Kilo)","categories":["Supermercado","Congelados","Salteados congelados","Salteados congelados","FINDUS tradicionales habitas con jamón bolsa 230 g"],"general_information":["Denominación del alimento: Mezcla de habitas con jamón ultracongelada","Nombre del operador: FINDUS ESPAÑA, S.L.U.","Dirección del operador: P.I. Berroa. C/ Berroa 13, 1ª planta. 31192 Tajonar (Navarra)","Cantidad Neta: 230 g","Número de raciones por envase: 1","Otras menciones obligatorias en la etiqueta: Producto ultracongelado."],"ingredients":[" Habas (79,5%), cebolla, jamón cocido (5,5%) (jamón, agua, sal, estabilizadores: E407, E451 y E452, dextrosa, aroma natural, antioxidante: ascorbato de sodio, conservador: E250), aceite de girasol, ajo, maltodextrina, sal, harina de maíz, extracto de levadura, almidón de patata, aroma, tomate y cebolla en polvo, especias."],"conservation":" Producto ultracongelado. Conservar a -18°C o temperaturas inferiores.","ean":"8410092104135"},{"full_name":"FINDUS SALTO arroz 3 delicias tradicional bolsa 500 g","name":"arroz 3 delicias tradicional bolsa 500 g","brand":"FINDUS SALTO ","img":"https://sgfm.elcorteingles.es/SGFM/dctm/MEDIA03/201611/10/00118958200067____1__600x600.jpg","price":"2,93 €            ","price_unit":"(5,58 € / Kilo)","categories":["Supermercado","Congelados","Salteados congelados","Salteados congelados","FINDUS SALTO arroz 3 delicias tradicional bolsa 500 g"],"general_information":["Denominación del alimento: Mezcla de arroz tres delicias ultracongelada","Nombre del operador: FINDUS ESPAÑA, S.L.U.","Dirección del operador: P.I. Berroa. C/ Berroa 13, 1ª planta. 31192 Tajonar (Navarra)","Cantidad Neta: 500 g","Número de raciones por envase: 2","Otras menciones obligatorias en la etiqueta: Producto ultracongelado."],"ingredients":[" Arroz cocido 65% (agua y arroz), guisantes, zanahoria, fiambre de paleta II (carne de paleta de cerdo, agua, almidón de patata, sal, azúcar, extractos vegetales [de zanahoria, acelga, acerola y especias], fibra alimentaria y fermentos), gamba pelada (gamba pelada, agua y sal), tortilla (huevo entero pasteurizado, agua, harina de arroz, sal y especias), extracto de levadura, sal, aroma (contiene trigo y lactosa) y aceite de girasol."],"conservation":" Producto ultracongelado. Conservar a -18°C o temperaturas inferiores.","ean":"8410074002060"},{"full_name":"FINDUS SALTO salteado tradicional de verduras bolsa 500 g","name":"salteado tradicional de verduras bolsa 500 g","brand":"FINDUS SALTO ","img":"https://sgfm.elcorteingles.es/SGFM/dctm/MEDIA03/201605/18/00118958300347____1__600x600.jpg","price":"2,93 €            ","price_unit":"(5,58 € / Kilo)","categories":["Supermercado","Congelados","Salteados congelados","Salteados congelados","FINDUS SALTO salteado tradicional de verduras bolsa 500 g"],"general_information":["Denominación del alimento: Mezcla de hortalizas para saltear ultracongelada","Nombre del operador: FINDUS ESPAÑA, S.L.U.","Dirección del operador: P.I. Berroa. C/ Berroa 13, 1ª planta. 31192 Tajonar (Navarra)","Cantidad Neta: 500 g","Número de raciones por envase: 2","Otras menciones obligatorias en la etiqueta: Producto ultracongelado."],"ingredients":[" Judía verde, brécol, cebolla, champiñón cultivado (Agaricus bisporus) 15%, pimiento rojo."],"conservation":" Producto ultracongelado. Conservar a -18°C o temperaturas inferiores.","ean":"8410074004811"},{"full_name":"FINDUS SALTO patata con jamón y queso bolsa 400 g","name":"patata con jamón y queso bolsa 400 g","brand":"FINDUS SALTO ","img":"https://sgfm.elcorteingles.es/SGFM/00/41/0/0118958400410/0118958400410000g01011.jpg","price":"2,99 €","price_unit":"(7,48 € / Kilo)","categories":["Supermercado","Congelados","Salteados congelados","Salteados congelados","FINDUS SALTO patata con jamón y queso bolsa 400 g"],"general_information":["Denominación del alimento: Mezcla de patata prefrita, jamón cocido y queso fundido para saltear ultracongelada","Nombre del operador: FINDUS ESPAÑA, S.L.U.","Dirección del operador: P.I. Berroa. C/ Berroa 13, 1ª planta. 31192 Tajonar (Navarra)","Cantidad Neta: 400 g","Número de raciones por envase: 2","Otras menciones obligatorias en la etiqueta: Producto ultracongelado."],"ingredients":[" Patata (67%), agua, queso fundido (7%) (leche, mantequilla, cuajo, proteína de leche, almidón modificado de patata, emulgentes: E452i y E452iii, antioxidante: citrato trisódico, sal, espesante: goma tara), jamón cocido (7%) (jamón de cerdo, agua, sal, estabilizadores: E451, E452 y E407, dextrosa, aroma natural, antioxidante: ascorbato de sodio, conservador: E250), cebolla, aceite de girasol, sal, cebollino, pimienta, aromas, extracto de levadura, extracto de especias, jarabe de glucosa."],"conservation":" Producto ultracongelado. Conservar a -18°C o temperaturas inferiores.","ean":"8410092140478"},{"full_name":"MAHESO Risotto 4 quesos estuche 300 g","name":"Risotto 4 quesos estuche 300 g","brand":"MAHESO ","img":"https://sgfm.elcorteingles.es/SGFM/dctm/MEDIA02/CONTENIDOS/201511/30/00118959601495____1__600x600.jpg","price":"2,59 €","price_unit":"(8,63 € / Kilo)","categories":["Supermercado","Congelados","Salteados congelados","Salteados congelados","MAHESO Risotto 4 quesos estuche 300 g"],"general_information":["Denominación del alimento: Risotto cuatro quesos","País de origen: España","Nombre del operador: Gedesco S.A.","Dirección del operador: P.I. La Ferreria,  Avda de La Ferreria 59-71, 08110 Montcada i Reixac, Barcelona","Cantidad Neta: 300 g","Número de raciones por envase: 1","Otras menciones obligatorias en la etiqueta: Plato preparado ultracongelado."],"ingredients":[" Arroz blanco precocido (48%) (agua, arroz), producto lácteo reconstituido (agua, lactosa, grasa de leche, proteínas de leche), queso blanco pasteurizado (5,5%) (leche pasteurizada, nata, cuajo, sal, almidón modificado, fermentos lácteos), mezcla de quesos curados (4,8%) (quesos curados, Grana Padano, Parmigiano Reggiano) (contiene huevo), queso azul (4%), nata pasteurizada, margarina [grasa de palma, aceite de girasol, agua, sal, emulgente (E 471), acidulante (ácido cítrico), aromas], aceite de girasol, queso Emmental (2%), almidón modificado, almidón, harina de trigo, cebolla frita, sal, aroma (contiene leche) y especias.  Consultar trazas de alérgenos.Contiene gluten, huevo y leche. Este producto ha sido elaborado en una fábrica que emplea: soja, pescado, crustáceos, moluscos, frutos de cáscara, apio, mostaza y sésamo."],"conservation":" Conservar a -18°C. Una vez descongelado, no volver a congelar.","ean":"8410705028315"},{"full_name":"MAHESO Risotto funghi estuche 300 g","name":"Risotto funghi estuche 300 g","brand":"MAHESO ","img":"https://sgfm.elcorteingles.es/SGFM/dctm/MEDIA02/CONTENIDOS/201511/30/00118959601487____1__600x600.jpg","price":"2,59 €","price_unit":"(8,63 € / Kilo)","categories":["Supermercado","Congelados","Salteados congelados","Salteados congelados","MAHESO Risotto funghi estuche 300 g"],"general_information":["Denominación del alimento: Risotto de setas","País de origen: España","Nombre del operador: Gedesco S.A.","Dirección del operador: P.I. La Ferreria,  Avda de La Ferreria 59-71, 08110 Montcada i Reixac, Barcelona","Cantidad Neta: 300 g","Número de raciones por envase: 1","Otras menciones obligatorias en la etiqueta: Plato preparado ultracongelado."],"ingredients":[" Arroz blanco precocido (44%) (agua, arroz), champiñones (17%), producto lácteo reconstituido (agua, lactosa, grasa de leche, proteínas de leche), nata pasteurizada, agua, cebolla frita (cebolla, aceite de girasol y de palma, harina de trigo, sal), Boletus Edulis (3%), harina de trigo, mezcla de quesos curados (quesos curados, Grana Padano, Parmigiano Reggiano) (contiene huevo), margarina [grasas y aceites vegetales (palma, soja y girasol), agua, sal, regulador de la acidez (ácido cítrico), conservante (E 200), emulgente (E 471, lecitinas), antioxidante (E 304, extracto rico en tocoferoles), colorante (carotenos), aroma], almidón modificado, aromas (contiene gluten), sal, caldo deshidratado sabor pollo (contiene gluten), potenciadores del sabor (E 621, E 631) y especias. Consultar trazas de alérgenos. Contiene gluten, huevo y leche. Este producto ha sido elaborado en una fábrica que emplea: soja, pescado, crustáceos, moluscos, frutos de cáscara, apio, mostaza y sésamo."],"conservation":" Conservar a -18°C. Una vez descongelado, no volver a congelar.","ean":"8410705028308"},{"full_name":"OLD EL PASO relleno para fajitas pollo y verduras asadas bolsa 300 g","name":"relleno para fajitas pollo y verduras asadas bolsa 300 g","brand":"OLD EL PASO ","img":"https://sgfm.elcorteingles.es/SGFM/dctm/MEDIA03/201606/06/00118958400378____1__600x600.jpg","price":"2,63 €","price_unit":"(8,77 € / Kilo)","categories":["Supermercado","Congelados","Salteados congelados","Salteados congelados","OLD EL PASO relleno para fajitas pollo y verduras asadas bolsa 300 g"],"general_information":["Denominación del alimento: Relleno para fajitas a base de tiras de pollo, vegetales escaldados y a la parrilla, y salsa de tomate picante - ultracongelado.","Nombre del operador: GENERAL MILLS IBERICA S.A.U.","Dirección del operador: C/Serrano Galvache, 56, Complejo Parque Norte, Edificio Álamo, planta 12, 28033 Madrid, España.","Cantidad Neta: 300 g","Número de raciones por envase: 4"],"ingredients":[" Vegetales escaldados (46%) (cebolla, pimiento rojo, pimiento verde, pimiento naranja), filete de pechuga de pollo en tiras cocida (23%) [filete de pechuga de pollo (95%), sal, estabilizadores (trifosfato pentapotásico, carragenanos)], vegetales a la parrilla (20%) (cebolla, pimiento rojo, pimiento verde, pimiento naranja), salsa de tomate picante para fajitas (11%), [tomate concentrado (tomate, sal, acidulante: ácido cítrico, endurecedor: cloruro cálcico), aroma, aroma de humo, cebolla frita (cebolla, aceite de oliva, sal, corrector de acidez: ácido cítrico), cebolla en polvo, sal, especias (pimienta negra, jengibre, pimienta de Cayena), aceite de oliva virgen extra, ajo, espesante: pectina de manzana, ajo en polvo].Puede contener trazas de frutos de cáscara, leche, huevos, pescado, crustáceos, soja, gluten, apio, sulfitos y moluscos."],"conservation":" Conservar a -18ºC CONDICIONES DE ALMACENAMIENTO En congelador / Vida útil /Temperatura de almacenamiento *** ó **** / 24 meses / -18ºC ** / 1 mes / -12ºC * / 1 semana/ -6ºC En frigorífico / 24 horas / 5ºC Una vez descongelado, no lo vuelva a congelar.","ean":"8410076460554"},{"full_name":"OLD EL PASO relleno para burritos carne y verduras bolsa 300 g","name":"relleno para burritos carne y verduras bolsa 300 g","brand":"OLD EL PASO ","img":"https://sgfm.elcorteingles.es/SGFM/dctm/MEDIA03/201606/06/00118958400386____3__600x600.jpg","price":"2,72 €","price_unit":"(9,07 € / Kilo)","categories":["Supermercado","Congelados","Salteados congelados","Salteados congelados","OLD EL PASO relleno para burritos carne y verduras bolsa 300 g"],"general_information":["Denominación del alimento: Relleno de Carne y verduras para Burritos","Nombre del operador: GENERAL MILLS IBERICA S.A.U.","Dirección del operador: C/Serrano Galvache, 56, Complejo Parque Norte, Edificio Álamo, planta 12, 28033 Madrid, España.","Cantidad Neta: 300 g","Número de raciones por envase: 4"],"ingredients":[" Vegetales escaldados (42%) (cebolla, maíz, calabaza, calabacín), carne picada al vapor (27%) [carne de vacuno (73,6%), carne de cerdo (18,4%), agua, sal,  estabilizador (trifosfato pentasódico)], champiñones cultivados (Agaricus bisporus) (22%), salsa de tomate picante y judías pintas para burritos (9%) [concentrado de tomate (tomate, sal, acidulante: ácido cítrico, endurecedor: cloruro cálcico), agua, judías pintas (21%), sazonador (especias, judías pintas en polvo, sal, cebolla en polvo, ajo en polvo, almidón de patata, pimiento rojo desecado, orégano, extracto de levadura, aroma, corrector de acidez: ácido cítrico, colorante: rojo de remolacha, extracto de pimentón)], almidón modificado de maíz, extracto de pimienta de Cayena.Puede contener trazas de frutos de cáscara, leche, huevos, pescado, crustáceos, soja, gluten, apio, sulfitos y moluscos."],"conservation":" Conservar a -18ºC CONDICIONES DE ALMACENAMIENTO En congelador / Vida útil /Temperatura de almacenamiento *** ó **** / 24 meses / -18ºC ** / 1 mes / -12ºC * / 1 semana/ -6ºC En frigorífico / 24 horas / 5ºC Una vez descongelado, no lo vuelva a congelar.","ean":"8410076460561"},{"full_name":"EUROCHEF cous cous mediterráneo biológico bandeja 300 g","name":"cous cous mediterráneo biológico bandeja 300 g","brand":"EUROCHEF ","img":"https://sgfm.elcorteingles.es/SGFM/dctm/MEDIA03/201704/04/00118959601610____1__600x600.jpg","price":"3,98 €","price_unit":"(13,27 € / Kilo)","categories":["Supermercado","Congelados","Salteados congelados","Salteados congelados","EUROCHEF cous cous mediterráneo biológico bandeja 300 g"],"general_information":[],"ingredients":[],"ean":"8013554108650"},{"full_name":"FINDUS SALTO espinacas con gambas bolsa 500 g","name":"espinacas con gambas bolsa 500 g","brand":"FINDUS SALTO ","img":"https://sgfm.elcorteingles.es/SGFM/00/32/5/0201158300325/0201158300325000g01011.jpg","price":"3,58 €","price_unit":"(7,16 € / Kilo)","categories":["Supermercado","Congelados","Salteados congelados","Salteados congelados","FINDUS SALTO espinacas con gambas bolsa 500 g"],"general_information":["Denominación del alimento: Mezcla de espinacas con gambas ultracongelada","Nombre del operador: FINDUS ESPAÑA, S.L.U.","Dirección del operador: P.I. Berroa. C/ Berroa 13, 1ª planta. 31192 Tajonar (Navarra)","Cantidad Neta: 500 g","Número de raciones por envase: 2","Otras menciones obligatorias en la etiqueta: Producto ultracongelado."],"ingredients":[" Espinacas (60%), zanahoria baby, cebolla, gambas peladas (10%) (gamba, agua, sal), agua, sal, ajo, maltodextrina, harina de maíz, extracto de levadura, almidón de patata, aceite de girasol, aroma, tomate y cebolla en polvo, especias."],"conservation":" Producto ultracongelado. Conservar a -18°C o temperaturas inferiores.","ean":"8410074004583"},{"full_name":"FINDUS SALTO arroz 3 delicias con marisco bolsa 500 g","name":"arroz 3 delicias con marisco bolsa 500 g","brand":"FINDUS SALTO ","img":"https://sgfm.elcorteingles.es/SGFM/dctm/MEDIA03/201611/10/00201158200079____1__600x600.jpg","price":"2,93 €            ","price_unit":"(5,58 € / Kilo)","categories":["Supermercado","Congelados","Salteados congelados","Salteados congelados","FINDUS SALTO arroz 3 delicias con marisco bolsa 500 g"],"general_information":["Denominación del alimento: Mezcla de arroz tres delicias ultracongelada","Nombre del operador: FINDUS ESPAÑA, S.L.U.","Dirección del operador: P.I. Berroa. C/ Berroa 13, 1ª planta. 31192 Tajonar (Navarra)","Cantidad Neta: 500 g","Número de raciones por envase: 2","Otras menciones obligatorias en la etiqueta: Producto ultracongelado."],"ingredients":[" Arroz cocido (62%) (agua y arroz), zanahoria, judía verde, maíz, producto de la pesca transformado  (5%) (surimi [pescado blanco y azúcar], agua, almidón de maíz, almidón modificado de tapioca, clara de huevo, azúcar, aceite de soja, sal y bebida fermentada de arroz), gamba pelada (4,5%) (gamba pelada, agua y sal), cebolla, tortilla (huevo entero pasteurizado, agua, harina de arroz, sal y especias), extracto de levadura, aroma (contiene trigo y lactosa), sal y aceite de girasol."],"conservation":" Producto ultracongelado. Conservar a -18°C o temperaturas inferiores.","ean":"8410074003319"}]