[{"full_name":"EL CORTE INGLES alcachofas cortadas bolsa 450 g","name":"alcachofas cortadas bolsa 450 g","brand":"EL CORTE INGLES ","img":"https://sgfm.elcorteingles.es/SGFM/dctm/MEDIA03/201606/16/00118915300083____1__600x600.jpg","price":"2,26 €","price_unit":"(5,02 € / Kilo)","categories":["Supermercado","Congelados","Verduras, hortalizas y frutas","Alcachofas congeladas","EL CORTE INGLES alcachofas cortadas bolsa 450 g"],"general_information":["Denominación del alimento: Alcachofas cortadas ultracongeladas","Nombre del operador: Elaborado para El Corte Inglés\npor Congelados de Navarra, S.A.U.                     Ctra. NA-134, KM 16 - 31513 Argueda (Navarra) España","Cantidad Neta: 450 g","Número de raciones por envase: 3.0"],"ingredients":[],"conservation":" Conservar a -18ºC.                                                  En frigorifico:  1 día                                                   En congelador:  sin estrellas: 3 días                          *: una semana                                                             **: 1 mes                                                                      *** ó ****: ver fecha de consumo preferente                  No volver a congelar una vez descongelado","ean":"8433329069663"},{"full_name":"FINDUS alcachofas troceadas bolsa 400 g","name":"alcachofas troceadas bolsa 400 g","brand":"FINDUS ","img":"https://sgfm.elcorteingles.es/SGFM/dctm/MEDIA03/201602/19/00118915300042____1__600x600.jpg","price":"3,26 €","price_unit":"(8,15 € / Kilo)","categories":["Supermercado","Congelados","Verduras, hortalizas y frutas","Alcachofas congeladas","FINDUS alcachofas troceadas bolsa 400 g"],"general_information":["Denominación del alimento: Alcachofas troceadas ultracongeladas","Nombre del operador: FINDUS ESPAÑA, S.L.U.","Dirección del operador: P.I. Berroa. C/ Berroa 13, 1ª planta. 31192 Tajonar (Navarra)","Cantidad Neta: 400 g","Otras menciones obligatorias en la etiqueta: Producto ultracongelado."],"ingredients":[" Alcachofa."],"conservation":" Producto ultracongelado. Conservar a -18°C o temperaturas inferiores.","ean":"8410092103510"},{"full_name":"FINDUS Summum corazones de alcachofas congeladas estuche 300 g","name":"Summum corazones de alcachofas congeladas estuche 300 g","brand":"FINDUS ","img":"https://sgfm.elcorteingles.es/SGFM/dctm/MEDIA03/201611/10/00118915300034____1__600x600.jpg","price":"4,58 €","price_unit":"(15,27 € / Kilo)","categories":["Supermercado","Congelados","Verduras, hortalizas y frutas","Alcachofas congeladas","FINDUS Summum corazones de alcachofas congeladas estuche 300 g"],"general_information":["Denominación del alimento: Corazones enteros de alcachofas ultracongelados","Nombre del operador: FINDUS ESPAÑA, S.L.U.","Dirección del operador: P.I. Berroa. C/ Berroa 13, 1ª planta. 31192 Tajonar (Navarra)","Cantidad Neta: 300 g","Otras menciones obligatorias en la etiqueta: Producto ultracongelado."],"ingredients":[" Alcachofas."],"conservation":" Producto ultracongelado. Conservar a -18°C o temperaturas inferiores.","ean":"8410092055734"},{"full_name":"EL CORTE INGLES Ensaladilla bolsa 1 kg","name":"Ensaladilla bolsa 1 kg","brand":"EL CORTE INGLES ","img":"https://sgfm.elcorteingles.es/SGFM/dctm/MEDIA03/201610/05/00118920900109____1__600x600.jpg","price":"0,79 €","price_unit":"(0,79 € / Kilo)","categories":["Supermercado","Congelados","Verduras, hortalizas y frutas","Ensaladilla congelada","EL CORTE INGLES Ensaladilla bolsa 1 kg"],"general_information":["Denominación del alimento: Mezcla de verduras para ensaladilla ultracongelada","Nombre del operador: Elaborado para El Corte Inglés\npor Congelados de Navarra, S.A.U.                     Ctra. NA-134, KM 16 - 31513 Argueda (Navarra) España","Cantidad Neta: 1 Kilogramos","Número de raciones por envase: 5.0"],"ingredients":[" Ingredientes: Patata, zanahoria, guisante y judia verde."],"conservation":" Conservar a -18ºC.                                                  En frigorifico:  1 día                                                   En congelador:  sin estrellas: 3 días                          *: una semana                                                             **: 1 mes                                                                      *** ó ****: ver fecha de consumo preferente                  No volver a congelar una vez descongelado","ean":"8433329069724"},{"full_name":"FINDUS ensaladilla bolsa 750 g","name":"ensaladilla bolsa 750 g","brand":"FINDUS ","img":"https://sgfm.elcorteingles.es/SGFM/dctm/CONTENIDOS/201512/15/00118920900075____1__600x600.jpg","price":"2,79 €","price_unit":"(3,72 € / Kilo)","categories":["Supermercado","Congelados","Verduras, hortalizas y frutas","Ensaladilla congelada","FINDUS ensaladilla bolsa 750 g"],"general_information":["Denominación del alimento: Ensaladilla ultracongelada","Nombre del operador: FINDUS ESPAÑA, S.L.U.","Dirección del operador: P.I. Berroa. C/ Berroa 13, 1ª planta. 31192 Tajonar (Navarra)","Cantidad Neta: 750 g","Número de raciones por envase: 4","Otras menciones obligatorias en la etiqueta: Producto ultracongelado."],"ingredients":[" Patata, zanahoria, judía verde, guisante."],"conservation":" Producto ultracongelado. Conservar a -18°C o temperaturas inferiores.","ean":"8410092055826"},{"full_name":"FINDUS ensaladilla bolsa 400 g","name":"ensaladilla bolsa 400 g","brand":"FINDUS ","img":"https://sgfm.elcorteingles.es/SGFM/dctm/MEDIA03/201607/13/00118920900117____1__600x600.jpg","price":"1,61 €            ","price_unit":"(3,95 € / Kilo)","categories":["Supermercado","Congelados","Verduras, hortalizas y frutas","Ensaladilla congelada","FINDUS ensaladilla bolsa 400 g"],"general_information":["Denominación del alimento: Ensaladilla ultracongelada","Nombre del operador: FINDUS ESPAÑA, S.L.U.","Dirección del operador: P.I. Berroa. C/ Berroa 13, 1ª planta. 31192 Tajonar (Navarra)","Cantidad Neta: 400 g","Número de raciones por envase: 2","Otras menciones obligatorias en la etiqueta: Producto ultracongelado."],"ingredients":[" Patata, zanahoria, judía verde, guisante."],"conservation":" Producto ultracongelado. Conservar a -18°C o temperaturas inferiores.","ean":"8410092061131"},{"full_name":"EL CORTE INGLES espinacas en hojas bolsa 1 kg","name":"espinacas en hojas bolsa 1 kg","brand":"EL CORTE INGLES ","img":"https://sgfm.elcorteingles.es/SGFM/dctm/MEDIA03/201605/27/00118919100141____1__600x600.jpg","price":"1,25 €","price_unit":"(1,25 € / Kilo)","categories":["Supermercado","Congelados","Verduras, hortalizas y frutas","Espinacas congeladas","EL CORTE INGLES espinacas en hojas bolsa 1 kg"],"general_information":["Denominación del alimento: Espinacas en hojas ultracongeladas","Nombre del operador: Elaborado para El Corte Inglés por\nGELAGRI IBÉRICA, S.L. \nCtra. Valtierra s/n ? 31320 Milagro\nNavarra (España)","Cantidad Neta: 1 Kilogramos","Número de raciones por envase: 5"],"ingredients":[],"conservation":" CONSERVACIÓN MÁXIMA EN EL CONGELADOR DE SU FRIGORÍFICO \nEn el congelador de (*) 1 semana \nEn el congelador de (**) 1 mes \nEn el congelador de (***) Varios meses \nEn el congelador de (****) Ver fecha de consumo preferente \nA partir del momento de su colocación en dicho congelador \n\nCONSERVACIÓN MÁXIMA EN EL FRIGORÍFICO: 1 día \n\nConsérvese a temperaturas inferiores a ?18ºC \n\nMantenga la calidad respetando las condiciones de conservación. Producto ultracongelado, no volver a congelar una vez descongelado.","ean":"8433329070249"},{"full_name":"EL CORTE INGLES espinacas cortadas 2 raciones de 200g bolsa 400 g","name":"espinacas cortadas 2 raciones de 200g bolsa 400 g","brand":"EL CORTE INGLES ","img":"https://sgfm.elcorteingles.es/SGFM/dctm/MEDIA03/201610/28/00118919100133____1__600x600.jpg","price":"0,69 €","price_unit":"(1,72 € / Kilo)","categories":["Supermercado","Congelados","Verduras, hortalizas y frutas","Espinacas congeladas","EL CORTE INGLES espinacas cortadas 2 raciones de 200g bolsa 400 g"],"general_information":["Denominación del alimento: Espinacas cortadas ultracongeladas","Nombre del operador: Elaborado para El Corte Inglés por\nGELAGRI IBÉRICA, S.L. \nCtra. Valtierra s/n ? 31320 Milagro\nNavarra (España)","Cantidad Neta: 400 g"],"ingredients":[],"conservation":" CONSERVACIÓN MÁXIMA EN EL CONGELADOR DE SU FRIGORÍFICO \nEn el congelador de (*) 1 semana \nEn el congelador de (**) 1 mes \nEn el congelador de (***) Varios meses \nEn el congelador de (****) Ver fecha de consumo preferente \nA partir del momento de su colocación en dicho congelador \n\nCONSERVACIÓN MÁXIMA EN EL FRIGORÍFICO: 1 día \n\nConsérvese a temperaturas inferiores a ?18ºC \n\nMantenga la calidad respetando las condiciones de conservación. Producto ultracongelado, no volver a congelar una vez descongelado.","ean":"8433329070232"},{"full_name":"FINDUS espinacas en hojas miniporciones bolsa 750 g","name":"espinacas en hojas miniporciones bolsa 750 g","brand":"FINDUS ","img":"https://sgfm.elcorteingles.es/SGFM/dctm/CONTENIDOS/201512/15/00118919100091____1__600x600.jpg","price":"2,79 €","price_unit":"(3,72 € / Kilo)","categories":["Supermercado","Congelados","Verduras, hortalizas y frutas","Espinacas congeladas","FINDUS espinacas en hojas miniporciones bolsa 750 g"],"general_information":["Denominación del alimento: Porciones de espinacas en hojas ultracongeladas","Nombre del operador: FINDUS ESPAÑA, S.L.U.","Dirección del operador: P.I. Berroa. C/ Berroa 13, 1ª planta. 31192 Tajonar (Navarra)","Cantidad Neta: 750 g","Número de raciones por envase: 4","Otras menciones obligatorias en la etiqueta: Producto ultracongelado."],"ingredients":[" Espinacas."],"conservation":" Producto ultracongelado. Conservar a -18°C o temperaturas inferiores.","ean":"8410092103497"},{"full_name":"FINDUS espinacas cortadas bolsa 400 g","name":"espinacas cortadas bolsa 400 g","brand":"FINDUS ","img":"https://sgfm.elcorteingles.es/SGFM/dctm/MEDIA03/201605/18/00118919100109____1__600x600.jpg","price":"1,65 €            ","price_unit":"(4,02 € / Kilo)","categories":["Supermercado","Congelados","Verduras, hortalizas y frutas","Espinacas congeladas","FINDUS espinacas cortadas bolsa 400 g"],"general_information":["Denominación del alimento: Porciones de espinacas cortadas ultracongeladas","Nombre del operador: FINDUS ESPAÑA, S.L.U.","Dirección del operador: P.I. Berroa. C/ Berroa 13, 1ª planta. 31192 Tajonar (Navarra)","Cantidad Neta: 400 g","Otras menciones obligatorias en la etiqueta: Producto ultracongelado."],"ingredients":[" espinacas."],"conservation":" Producto ultracongelado. Conservar a -18°C o temperaturas inferiores.","ean":"8410092040211"},{"full_name":"FINDUS espinacas en hojas bolsa 400 g","name":"espinacas en hojas bolsa 400 g","brand":"FINDUS ","img":"https://sgfm.elcorteingles.es/SGFM/dctm/MEDIA03/201607/13/00118919100158____1__600x600.jpg","price":"1,90 €            ","price_unit":"(4,55 € / Kilo)","categories":["Supermercado","Congelados","Verduras, hortalizas y frutas","Espinacas congeladas","FINDUS espinacas en hojas bolsa 400 g"],"general_information":["Denominación del alimento: Porciones de espinacas en hojas ultracongeladas","Nombre del operador: FINDUS ESPAÑA, S.L.U.","Dirección del operador: P.I. Berroa. C/ Berroa 13, 1ª planta. 31192 Tajonar (Navarra)","Cantidad Neta: 400 g","Otras menciones obligatorias en la etiqueta: Producto ultracongelado."],"ingredients":[" espinacas."],"conservation":" Producto ultracongelado. Conservar a -18°C o temperaturas inferiores.","ean":"8410092040136"},{"full_name":"ARDO espinacas en porciones ecológicas bolsa 600 g","name":"espinacas en porciones ecológicas bolsa 600 g","brand":"ARDO ","img":"https://sgfm.elcorteingles.es/SGFM/dctm/MEDIA03/201709/08/00118919100166____1__600x600.jpg","price":"2,99 €","price_unit":"(4,98 € / Kilo)","categories":["Supermercado","Congelados","Verduras, hortalizas y frutas","Espinacas congeladas","ARDO espinacas en porciones ecológicas bolsa 600 g"],"general_information":[],"ingredients":[],"ean":"5411361014936"},{"full_name":"EL CORTE INGLES guisantes finos bolsa 1 kg","name":"guisantes finos bolsa 1 kg","brand":"EL CORTE INGLES ","img":"https://sgfm.elcorteingles.es/SGFM/dctm/MEDIA03/201606/30/00118916700224____1__600x600.jpg","price":"1,21 €","price_unit":"(1,21 € / Kilo)","categories":["Supermercado","Congelados","Verduras, hortalizas y frutas","Guisantes congelados","EL CORTE INGLES guisantes finos bolsa 1 kg"],"general_information":["Denominación del alimento: Guisante fino ultracongelado","Nombre del operador: Elaborado para El Corte Inglés\npor Congelados de Navarra, S.A.U.                     Ctra. NA-134, KM 16 - 31513 Argueda (Navarra) España","Cantidad Neta: 1 Kilogramos","Número de raciones por envase: 5.0"],"ingredients":[],"conservation":" Conservar a -18ºC.                                                  En frigorifico:  1 día                                                   En congelador:  sin estrellas: 3 días                          *: una semana                                                             **: 1 mes                                                                      *** ó ****: ver fecha de consumo preferente                  No volver a congelar una vez descongelado","ean":"8433329069670"},{"full_name":"EL CORTE INGLES guisantes muy tiernos bolsa 300 g","name":"guisantes muy tiernos bolsa 300 g","brand":"EL CORTE INGLES ","img":"https://sgfm.elcorteingles.es/SGFM/dctm/MEDIA03/201604/01/00118916700216____1__600x600.jpg","price":"0,84 €","price_unit":"(2,80 € / Kilo)","categories":["Supermercado","Congelados","Verduras, hortalizas y frutas","Guisantes congelados","EL CORTE INGLES guisantes muy tiernos bolsa 300 g"],"general_information":["Denominación del alimento: Guisante ultracongelado","Nombre del operador: Elaborado para El Corte Inglés\npor Congelados de Navarra, S.A.U.                     Ctra. NA-134, KM 16 - 31513 Arguedas (Navarra) España","Cantidad Neta: 300 g","Número de raciones por envase: 2.0"],"ingredients":[],"conservation":" Conservar a -18ºC.                                                  En frigorifico:  1 día                                                   En congelador:                                                           *: una semana                                                             **: 1 mes                                                                      *** ó ****: ver fecha de consumo preferente                  No volver a congelar una vez descongelado","ean":"8433329069687"},{"full_name":"FINDUS Summum guisantes extrafinos estuche 200 g","name":"Summum guisantes extrafinos estuche 200 g","brand":"FINDUS ","img":"https://sgfm.elcorteingles.es/SGFM/dctm/MEDIA03/201611/10/00118916700067____1__600x600.jpg","price":"1,86 €","price_unit":"(9,30 € / Kilo)","categories":["Supermercado","Congelados","Verduras, hortalizas y frutas","Guisantes congelados","FINDUS Summum guisantes extrafinos estuche 200 g"],"general_information":["Denominación del alimento: Guisantes <8,8 mm ultracongelados","Nombre del operador: FINDUS ESPAÑA, S.L.U.","Dirección del operador: P.I. Berroa. C/ Berroa 13, 1ª planta. 31192 Tajonar (Navarra)","Cantidad Neta: 200 g","Otras menciones obligatorias en la etiqueta: Producto ultracongelado."],"ingredients":[" Guisantes."],"conservation":" Producto ultracongelado. Conservar a -18°C o temperaturas inferiores.","ean":"8410092050005"},{"full_name":"FINDUS guisantes finos bolsa 750 g","name":"guisantes finos bolsa 750 g","brand":"FINDUS ","img":"https://sgfm.elcorteingles.es/SGFM/dctm/MEDIA02/CONTENIDOS/201512/29/00118916700083____1__600x600.jpg","price":"2,79 €","price_unit":"(3,72 € / Kilo)","categories":["Supermercado","Congelados","Verduras, hortalizas y frutas","Guisantes congelados","FINDUS guisantes finos bolsa 750 g"],"general_information":["Denominación del alimento: Guisantes ultracongelados","Nombre del operador: FINDUS ESPAÑA, S.L.U.","Dirección del operador: P.I. Berroa. C/ Berroa 13, 1ª planta. 31192 Tajonar (Navarra)","Cantidad Neta: 750 g","Otras menciones obligatorias en la etiqueta: Producto ultracongelado."],"ingredients":[" Guisantes."],"conservation":" Producto ultracongelado. Conservar a -18°C o temperaturas inferiores.","ean":"8410092055840"},{"full_name":"FINDUS guisantes superfinos bolsa 400 g","name":"guisantes superfinos bolsa 400 g","brand":"FINDUS ","img":"https://sgfm.elcorteingles.es/SGFM/00/16/6/0118916700166/0118916700166000g01011.jpg","price":"2,15 €","price_unit":"(5,38 € / Kilo)","categories":["Supermercado","Congelados","Verduras, hortalizas y frutas","Guisantes congelados","FINDUS guisantes superfinos bolsa 400 g"],"general_information":["Denominación del alimento: Guisantes <8,8 mm ultracongelados","Nombre del operador: FINDUS ESPAÑA, S.L.U.","Dirección del operador: P.I. Berroa. C/ Berroa 13, 1ª planta. 31192 Tajonar (Navarra)","Cantidad Neta: 400 g","Número de raciones por envase: 2","Otras menciones obligatorias en la etiqueta: Producto ultracongelado."],"ingredients":[" Guisantes."],"conservation":" Producto ultracongelado. Conservar a -18°C o temperaturas inferiores.","ean":"8410092020138"},{"full_name":"FINDUS guisantes finos bolsa 400 g","name":"guisantes finos bolsa 400 g","brand":"FINDUS ","img":"https://sgfm.elcorteingles.es/SGFM/dctm/MEDIA03/201607/13/00118916700232____1__600x600.jpg","price":"1,65 €            ","price_unit":"(4,02 € / Kilo)","categories":["Supermercado","Congelados","Verduras, hortalizas y frutas","Guisantes congelados","FINDUS guisantes finos bolsa 400 g"],"general_information":["Denominación del alimento: Guisantes ultracongelados","Nombre del operador: FINDUS ESPAÑA, S.L.U.","Dirección del operador: P.I. Berroa. C/ Berroa 13, 1ª planta. 31192 Tajonar (Navarra)","Cantidad Neta: 400 g","Otras menciones obligatorias en la etiqueta: Producto ultracongelado."],"ingredients":[" Guisantes."],"conservation":" Producto ultracongelado. Conservar a -18°C o temperaturas inferiores.","ean":"8410092020237"},{"full_name":"FINDUS Guisantes finos al vapor listos en 3 minutos bolsa 400 g","name":"Guisantes finos al vapor listos en 3 minutos bolsa 400 g","brand":"FINDUS ","img":"https://sgfm.elcorteingles.es/SGFM/dctm/MEDIA02/CONTENIDOS/201410/30/00118926600422____2__600x600.jpg","price":"1,99 €","price_unit":"(4,98 € / Kilo)","categories":["Supermercado","Congelados","Verduras, hortalizas y frutas","Guisantes congelados","FINDUS Guisantes finos al vapor listos en 3 minutos bolsa 400 g"],"general_information":["Denominación del alimento: Guisantes  ultracongelados para preparar en el microondas","Nombre del operador: FINDUS ESPAÑA, S.L.U.","Dirección del operador: P.I. Berroa. C/ Berroa 13, 1ª planta. 31192 Tajonar (Navarra)","Cantidad Neta: 400 g","Número de raciones por envase: 2","Otras menciones obligatorias en la etiqueta: Producto ultracongelado."],"ingredients":[" Guisantes, aceite de oliva 1%, sal."],"conservation":" Producto ultracongelado. Conservar a -18°C o temperaturas inferiores.","ean":"8410092142403"},{"full_name":"EL CORTE INGLES habas baby bolsa 450 g","name":"habas baby bolsa 450 g","brand":"EL CORTE INGLES ","img":"https://sgfm.elcorteingles.es/SGFM/dctm/MEDIA03/201606/20/00118921400075____1__600x600.jpg","price":"1,72 €","price_unit":"(3,82 € / Kilo)","categories":["Supermercado","Congelados","Verduras, hortalizas y frutas","Habas congeladas","EL CORTE INGLES habas baby bolsa 450 g"],"general_information":["Denominación del alimento: Habas baby ultracongeladas","Nombre del operador: Elaborado para El Corte Inglés por\nGELAGRI IBÉRICA, S.L. \nCtra. Valtierra s/n ? 31320 Milagro\nNavarra (España)","Cantidad Neta: 450 g","Número de raciones por envase: Ã 2"],"ingredients":[],"conservation":" CONSERVACIÓN MÁXIMA EN EL CONGELADOR DE SU FRIGORÍFICO \nEn el congelador de (*) 1 semana \nEn el congelador de (**) 1 mes \nEn el congelador de (***) Varios meses \nEn el congelador de (****) Ver fecha de consumo preferente \nA partir del momento de su colocación en dicho congelador \n\nCONSERVACIÓN MÁXIMA EN EL FRIGORÍFICO: 1 día \n\nConsérvese a temperaturas inferiores a ?18ºC \n\nMantenga la calidad respetando las condiciones de conservación. Producto ultracongelado, no volver a congelar una vez descongelado.","ean":"8433329070270"},{"full_name":"FINDUS habas baby bolsa 400 g","name":"habas baby bolsa 400 g","brand":"FINDUS ","img":"https://sgfm.elcorteingles.es/SGFM/dctm/MEDIA03/201602/19/00118921400034____1__600x600.jpg","price":"3,22 €","price_unit":"(8,05 € / Kilo)","categories":["Supermercado","Congelados","Verduras, hortalizas y frutas","Habas congeladas","FINDUS habas baby bolsa 400 g"],"general_information":["Denominación del alimento: Habas baby ultracongeladas","Nombre del operador: FINDUS ESPAÑA, S.L.U.","Dirección del operador: P.I. Berroa. C/ Berroa 13, 1ª planta. 31192 Tajonar (Navarra)","Cantidad Neta: 400 g","Número de raciones por envase: 2","Otras menciones obligatorias en la etiqueta: Producto ultracongelado."],"ingredients":[" Habas."],"conservation":" Producto ultracongelado. Conservar a -18°C o temperaturas inferiores.","ean":"8410092010139"},{"full_name":"EL CORTE INGLES judía verde plana troceada bolsa 1 kg","name":"judía verde plana troceada bolsa 1 kg","brand":"EL CORTE INGLES ","img":"https://sgfm.elcorteingles.es/SGFM/dctm/MEDIA03/201604/01/00118917200174____1__600x600.jpg","price":"1,10 €","price_unit":"(1,10 € / Kilo)","categories":["Supermercado","Congelados","Verduras, hortalizas y frutas","Judías verdes congeladas","EL CORTE INGLES judía verde plana troceada bolsa 1 kg"],"general_information":["Denominación del alimento: Judia verde plana ultracongelada","Nombre del operador: Elaborado para El Corte Inglés\npor Congelados de Navarra, S.A.U.                     Ctra. NA-134, KM 16 - 31513 Argueda (Navarra) España","Cantidad Neta: 1 Kilogramos","Número de raciones por envase: 5.0"],"ingredients":[],"conservation":" Conservar a -18ºC.                                                  En frigorifico:  1 día                                                   En congelador:                                                          *: una semana                                                             **: 1 mes                                                                      *** ó ****: ver fecha de consumo preferente                  No volver a congelar una vez descongelado","ean":"8433329069700"},{"full_name":"EL CORTE INGLES judía verde redonda troceada bolsa 1 kg","name":"judía verde redonda troceada bolsa 1 kg","brand":"EL CORTE INGLES ","img":"https://sgfm.elcorteingles.es/SGFM/dctm/MEDIA03/201605/20/00118917200190____1__600x600.jpg","price":"1,10 €","price_unit":"(1,10 € / Kilo)","categories":["Supermercado","Congelados","Verduras, hortalizas y frutas","Judías verdes congeladas","EL CORTE INGLES judía verde redonda troceada bolsa 1 kg"],"general_information":["Denominación del alimento: Judia verde redonda ultracongelada","Nombre del operador: Elaborado para El Corte Inglés\npor Congelados de Navarra, S.A.U.                     Ctra. NA-134, KM 16 - 31513 Argueda (Navarra) España","Cantidad Neta: 1 Kilogramos","Número de raciones por envase: 5.0"],"ingredients":[],"conservation":" Conservar a -18ºC.                                                  En frigorifico:  1 día                                                   En congelador:  sin estrellas: 3 días                          *: una semana                                                             **: 1 mes                                                                      *** ó ****: ver fecha de consumo preferente                  No volver a congelar una vez descongelado","ean":"8433329069694"},{"full_name":"FINDUS judía entera extrafina bolsa 400 g","name":"judía entera extrafina bolsa 400 g","brand":"FINDUS ","img":"https://sgfm.elcorteingles.es/SGFM/dctm/MEDIA03/201602/19/00118917200125____1__600x600.jpg","price":"2,34 €","price_unit":"(5,85 € / Kilo)","categories":["Supermercado","Congelados","Verduras, hortalizas y frutas","Judías verdes congeladas","FINDUS judía entera extrafina bolsa 400 g"],"general_information":["Denominación del alimento: Judía entera extrafina ultracongelada","Nombre del operador: FINDUS ESPAÑA, S.L.U.","Dirección del operador: P.I. Berroa. C/ Berroa 13, 1ª planta. 31192 Tajonar (Navarra)","Cantidad Neta: 400 g","Otras menciones obligatorias en la etiqueta: Producto ultracongelado."],"ingredients":[" Judía verde entera."],"conservation":" Producto ultracongelado. Conservar a -18°C o temperaturas inferiores.","ean":"8410092103756"},{"full_name":"FINDUS judias verdes planas bolsa 400 g","name":"judias verdes planas bolsa 400 g","brand":"FINDUS ","img":"https://sgfm.elcorteingles.es/SGFM/dctm/MEDIA03/201607/13/00118917200208____1__600x600.jpg","price":"1,65 €            ","price_unit":"(4,02 € / Kilo)","categories":["Supermercado","Congelados","Verduras, hortalizas y frutas","Judías verdes congeladas","FINDUS judias verdes planas bolsa 400 g"],"general_information":["Denominación del alimento: Judías verdes planas troceadas ultracongeladas","Nombre del operador: FINDUS ESPAÑA, S.L.U.","Dirección del operador: P.I. Berroa. C/ Berroa 13, 1ª planta. 31192 Tajonar (Navarra)","Cantidad Neta: 400 g","Otras menciones obligatorias en la etiqueta: Producto ultracongelado."],"ingredients":[" Judías verdes planas."],"conservation":" Producto ultracongelado. Conservar a -18°C o temperaturas inferiores.","ean":"8410092031134"},{"full_name":"FINDUS judías verdes planas bolsa 750 g","name":"judías verdes planas bolsa 750 g","brand":"FINDUS ","img":"https://sgfm.elcorteingles.es/SGFM/dctm/CONTENIDOS/201512/15/00118917200091____1__600x600.jpg","price":"2,79 €","price_unit":"(3,72 € / Kilo)","categories":["Supermercado","Congelados","Verduras, hortalizas y frutas","Judías verdes congeladas","FINDUS judías verdes planas bolsa 750 g"],"general_information":["Denominación del alimento: Judías verdes planas troceadas ultracongeladas","Nombre del operador: FINDUS ESPAÑA, S.L.U.","Dirección del operador: P.I. Berroa. C/ Berroa 13, 1ª planta. 31192 Tajonar (Navarra)","Cantidad Neta: 750 g","Otras menciones obligatorias en la etiqueta: Producto ultracongelado."],"ingredients":[" Judías verdes planas."],"conservation":" Producto ultracongelado. Conservar a -18°C o temperaturas inferiores.","ean":"8410092055857"},{"full_name":"FINDUS judías verdes redondas troceadas bolsa 750 g","name":"judías verdes redondas troceadas bolsa 750 g","brand":"FINDUS ","img":"https://sgfm.elcorteingles.es/SGFM/dctm/CONTENIDOS/201512/15/00201117200152____1__600x600.jpg","price":"2,79 €","price_unit":"(3,72 € / Kilo)","categories":["Supermercado","Congelados","Verduras, hortalizas y frutas","Judías verdes congeladas","FINDUS judías verdes redondas troceadas bolsa 750 g"],"general_information":["Denominación del alimento: Judías verdes redondas troceadas ultracongeladas","Nombre del operador: FINDUS ESPAÑA, S.L.U.","Dirección del operador: P.I. Berroa. C/ Berroa 13, 1ª planta. 31192 Tajonar (Navarra)","Cantidad Neta: 750 g","Número de raciones por envase: 4","Otras menciones obligatorias en la etiqueta: Producto ultracongelado."],"ingredients":[" Judías verdes redondas."],"conservation":" Producto ultracongelado. Conservar a -18°C o temperaturas inferiores.","ean":"8410092055864"},{"full_name":"EL CORTE INGLES menestra de verduras bolsa 1 kg","name":"menestra de verduras bolsa 1 kg","brand":"EL CORTE INGLES ","img":"https://sgfm.elcorteingles.es/SGFM/dctm/MEDIA03/201604/01/00118918600158____1__600x600.jpg","price":"1,15 €","price_unit":"(1,15 € / Kilo)","categories":["Supermercado","Congelados","Verduras, hortalizas y frutas","Menestra de verduras congelada","EL CORTE INGLES menestra de verduras bolsa 1 kg"],"general_information":["Denominación del alimento: Mezcla de verduras para menestra ultracongelada","Nombre del operador: Elaborado para El Corte Inglés\npor Congelados de Navarra, S.A.U.                     Ctra. NA-134, KM 16 - 31513 Argueda (Navarra) España","Cantidad Neta: 1 Kilogramos","Número de raciones por envase: 5.0"],"ingredients":[" Ingredientes: Judia verde redonda, zanahoria, guisante, coliflor, habas, alcachofa y coles de Bruselas"],"conservation":" Conservar a -18ºC.                                                  En frigorifico:  1 día                                                   En congelador:  sin estrellas: 3 días                          *: una semana                                                             **: 1 mes                                                                      *** ó ****: ver fecha de consumo preferente                  No volver a congelar una vez descongelado","ean":"8433329069717"},{"full_name":"EL CORTE INGLES menestra especial bolsa 1000 g","name":"menestra especial bolsa 1000 g","brand":"EL CORTE INGLES ","img":"https://sgfm.elcorteingles.es/SGFM/dctm/MEDIA03/201606/30/00118918600141____2__600x600.jpg","price":"2,09 €","price_unit":"(2,09 € / Kilo)","categories":["Supermercado","Congelados","Verduras, hortalizas y frutas","Menestra de verduras congelada","EL CORTE INGLES menestra especial bolsa 1000 g"],"general_information":["Denominación del alimento: Menestra especial ultracongelada","Nombre del operador: Elaborado para El Corte Inglés por\nGELAGRI IBÉRICA, S.L. \nCtra. Valtierra s/n ? 31320 Milagro\nNavarra (España)","Cantidad Neta: 1 Kilogramos","Número de raciones por envase: 5"],"ingredients":[" Ingredientes: Judía verde plana troceada, zanahoria baby, alcachofa, guisante, coliflor, espárrago tallos, champiñón entero (Agaricus bisporus) 6%."],"conservation":" CONSERVACIÓN MÁXIMA EN EL CONGELADOR DE SU FRIGORÍFICO \nEn el congelador de (*) 1 semana \nEn el congelador de (**) 1 mes \nEn el congelador de (***) Varios meses \nEn el congelador de (****) Ver fecha de consumo preferente \nA partir del momento de su colocación en dicho congelador \n\nCONSERVACIÓN MÁXIMA EN EL FRIGORÍFICO: 1 día \n\nConsérvese a temperaturas inferiores a ?18ºC \n\nMantenga la calidad respetando las condiciones de conservación. Producto ultracongelado, no volver a congelar una vez descongelado.","ean":"8433329070256"},{"full_name":"FINDUS menestra de verduras bolsa 750 g","name":"menestra de verduras bolsa 750 g","brand":"FINDUS ","img":"https://sgfm.elcorteingles.es/SGFM/dctm/MEDIA02/CONTENIDOS/201512/29/00201118600103____1__600x600.jpg","price":"2,79 €","price_unit":"(3,72 € / Kilo)","categories":["Supermercado","Congelados","Verduras, hortalizas y frutas","Menestra de verduras congelada","FINDUS menestra de verduras bolsa 750 g"],"general_information":["Denominación del alimento: Menestra ultracongelada","Nombre del operador: FINDUS ESPAÑA, S.L.U.","Dirección del operador: P.I. Berroa. C/ Berroa 13, 1ª planta. 31192 Tajonar (Navarra)","Cantidad Neta: 750 g","Otras menciones obligatorias en la etiqueta: Producto ultracongelado."],"ingredients":[" Guisante, zanahoria, judía verde redonda, col de Bruselas, alcachofa, haba."],"conservation":" Producto ultracongelado. Conservar a -18°C o temperaturas inferiores.","ean":"8410092137843"},{"full_name":"FINDUS menestra de verduras de la huerta bolsa 750 g","name":"menestra de verduras de la huerta bolsa 750 g","brand":"FINDUS ","img":"https://sgfm.elcorteingles.es/SGFM/dctm/CONTENIDOS/201512/15/00118918600075____1__600x600.jpg","price":"3,07 €","price_unit":"(4,09 € / Kilo)","categories":["Supermercado","Congelados","Verduras, hortalizas y frutas","Menestra de verduras congelada","FINDUS menestra de verduras de la huerta bolsa 750 g"],"general_information":["Denominación del alimento: Menestra ultracongelados","Nombre del operador: FINDUS ESPAÑA, S.L.U.","Dirección del operador: P.I. Berroa. C/ Berroa 13, 1ª planta. 31192 Tajonar (Navarra)","Cantidad Neta: 750 g","Número de raciones por envase: 2","Otras menciones obligatorias en la etiqueta: Producto ultracongelado."],"ingredients":[" Judía verde plana, guisante, zanahoria baby, cardo, champiñón cultivado (Agaricus bisporus) (contiene sulfitos), alcachofa, espárrago blanco."],"conservation":" Producto ultracongelado. Conservar a -18°C o temperaturas inferiores.","ean":"8410092017640"},{"full_name":"FINDUS Menestra Cuatro estaciones al vapor listo en 3 minutos bolsa 400 g","name":"Menestra Cuatro estaciones al vapor listo en 3 minutos bolsa 400 g","brand":"FINDUS ","img":"https://sgfm.elcorteingles.es/SGFM/dctm/MEDIA02/CONTENIDOS/201410/14/00118926600430____1__600x600.jpg","price":"1,99 €","price_unit":"(4,98 € / Kilo)","categories":["Supermercado","Congelados","Verduras, hortalizas y frutas","Menestra de verduras congelada","FINDUS Menestra Cuatro estaciones al vapor listo en 3 minutos bolsa 400 g"],"general_information":["Denominación del alimento: Mezcla ultracongelada de hortalizas para preparar en el microondas","Nombre del operador: FINDUS ESPAÑA, S.L.U.","Dirección del operador: P.I. Berroa. C/ Berroa 13, 1ª planta. 31192 Tajonar (Navarra)","Cantidad Neta: 400 g","Número de raciones por envase: 2","Otras menciones obligatorias en la etiqueta: Producto ultracongelado."],"ingredients":[" brécol, coliflor, guisantes, zanahoria, aceite de oliva 1%, sal."],"conservation":" Producto ultracongelado. Conservar a -18°C o temperaturas inferiores.","ean":"8410092142366"},{"full_name":"ARDO wok mix menestra de verduras con pimientos zanahoria brécol cebolla y judías verdes bolsa 600 g","name":"wok mix menestra de verduras con pimientos zanahoria brécol cebolla y judías verdes bolsa 600 g","brand":"ARDO ","img":"https://sgfm.elcorteingles.es/SGFM/dctm/MEDIA03/201709/08/00118917200224____1__600x600.jpg","price":"2,99 €","price_unit":"(4,98 € / Kilo)","categories":["Supermercado","Congelados","Verduras, hortalizas y frutas","Menestra de verduras congelada","ARDO wok mix menestra de verduras con pimientos zanahoria brécol cebolla y judías verdes bolsa 600 g"],"general_information":[],"ingredients":[],"ean":"5411361015018"},{"full_name":"EL CORTE INGLES patatas corte tradicional bolsa 1 kg","name":"patatas corte tradicional bolsa 1 kg","brand":"EL CORTE INGLES ","img":"https://sgfm.elcorteingles.es/SGFM/dctm/MEDIA03/201703/28/00118944500521____1__600x600.jpg","price":"1,19 €","price_unit":"(1,19 € / Kilo)","categories":["Supermercado","Congelados","Verduras, hortalizas y frutas","Patatas congeladas","EL CORTE INGLES patatas corte tradicional bolsa 1 kg"],"general_information":["Denominación del alimento: Patata prefrita corte tradicional. Producto precocinado ultracongelado","Nombre del operador: Distribuido para\nEl Corte Inglés por\nEurofrits, S.A.\nC/ López Bravo nº 45 - Polígono Ind. Villalonquéjar\n09001 Burgos\nEspaña","Cantidad Neta: 1 Kilogramos","Número de raciones por envase: aproximadament"],"ingredients":[" Ingredientes: Patatas (96,5%) y grasa de palma."],"conservation":" Condiciones de conservación:\nConservación en frigorífico casero : 1 día\nEn el congelador del frigorífico\n**** Ver fecha de consumo preferente\n*** Varios meses\n** Un mes\n* Una semana\nConsérvese a temperaturas inferiores a -18ºC.\nMantenga la calidad respetando las condiciones de conservación.\nProducto ultracongelado, no volver a congelar una vez descongelado","ean":"8433329078320"},{"full_name":"EL CORTE INGLES patatas corte fino bolsa 1 kg","name":"patatas corte fino bolsa 1 kg","brand":"EL CORTE INGLES ","img":"https://sgfm.elcorteingles.es/SGFM/dctm/MEDIA03/201703/28/00118944500539____1__600x600.jpg","price":"1,19 €","price_unit":"(1,19 € / Kilo)","categories":["Supermercado","Congelados","Verduras, hortalizas y frutas","Patatas congeladas","EL CORTE INGLES patatas corte fino bolsa 1 kg"],"general_information":["Denominación del alimento: Patata prefrita corte fino. Producto precocinado ultracongelado","Nombre del operador: Distribuido para\nEl Corte Inglés por\nEurofrits, S.A.\nC/ López Bravo nº 45 - Polígono Ind. Villalonquéjar\n09001 Burgos\nEspaña","Cantidad Neta: 1 Kilogramos","Número de raciones por envase: aproximadament"],"ingredients":[" Ingredientes: Patatas (95,5%) y grasa de palma."],"conservation":" Condiciones de conservación:\nConservación en frigorífico casero : 1 día\nEn el congelador del frigorífico\n**** Ver fecha de consumo preferente\n*** Varios meses\n** Un mes\n* Una semana\nConsérvese a temperaturas inferiores a -18ºC.\nMantenga la calidad respetando las condiciones de conservación.\nProducto ultracongelado, no volver a congelar una vez descongelado","ean":"8433329078337"},{"full_name":"MC CAIN Mediterranean Potatoes gajos de patatas con piela  las finas hierbas bolsa 750 g","name":"Mediterranean Potatoes gajos de patatas con piela  las finas hierbas bolsa 750 g","brand":"MC CAIN ","img":"https://sgfm.elcorteingles.es/SGFM/dctm/MEDIA03/201701/20/00118944500513____1__600x600.jpg","price":"2,48 €","price_unit":"(3,31 € / Kilo)","categories":["Supermercado","Congelados","Verduras, hortalizas y frutas","Patatas congeladas","MC CAIN Mediterranean Potatoes gajos de patatas con piela  las finas hierbas bolsa 750 g"],"general_information":["Denominación del alimento: Gajos de patata con piel, rebozados con una preparación a base de hierbas, prefritos y ultracongelados","Nombre del operador: McCain España, S.A.","Dirección del operador: Serrano, 240 - 28016 Madrid","Cantidad Neta: 750 g"],"ingredients":[" Patatas (90%), aceite de girasol (5%), rebozado (5%): harina de trigo, harina de arroz, almidón de maíz, sal, dextrina de patata, ajo en polvo (0.2%), hierbas (0.1%: perejil, cebollino), cebolla en polvo, almidón de patata modificado, extracto de levadura, gasificante (E500), colorantes (E100, E160c)"],"conservation":" Conservar a menos 18° C","ean":"8710438040302"},{"full_name":"FINDUS bocaditos de patata crujientes y cremosos estuche 300 g","name":"bocaditos de patata crujientes y cremosos estuche 300 g","brand":"FINDUS ","img":"https://sgfm.elcorteingles.es/SGFM/dctm/MEDIA03/201611/10/00118944500398____1__600x600.jpg","price":"2,37 €","price_unit":"(7,90 € / Kilo)","categories":["Supermercado","Congelados","Verduras, hortalizas y frutas","Patatas congeladas","FINDUS bocaditos de patata crujientes y cremosos estuche 300 g"],"general_information":[],"ingredients":[],"ean":"8434702000044"},{"full_name":"FINDUS COCINA FACIL preparado para tortilla de patata con cebolla envase 550 g","name":"preparado para tortilla de patata con cebolla envase 550 g","brand":"FINDUS COCINA FACIL ","img":"https://sgfm.elcorteingles.es/SGFM/00/37/2/0118944500372/0118944500372000g01011.jpg","price":"2,79 €","price_unit":"(5,07 € / Kilo)","categories":["Supermercado","Congelados","Verduras, hortalizas y frutas","Patatas congeladas","FINDUS COCINA FACIL preparado para tortilla de patata con cebolla envase 550 g"],"general_information":["Denominación del alimento: Mezcla patata pochada y cebolla para preparar en tortilla ultracongelada","Nombre del operador: FINDUS ESPAÑA, S.L.U.","Dirección del operador: P.I. Berroa. C/ Berroa 13, 1ª planta. 31192 Tajonar (Navarra)","Cantidad Neta: 550 g","Número de raciones por envase: 4","Otras menciones obligatorias en la etiqueta: Producto ultracongelado."],"ingredients":[" Patata (80%), cebolla (13%), aceite de girasol."],"conservation":" Producto ultracongelado. Conservar a -18°C o temperaturas inferiores.","ean":"8410092133029"},{"full_name":"MAHESO patatas bravas para microondas salsa incluida estuche 420 g","name":"patatas bravas para microondas salsa incluida estuche 420 g","brand":"MAHESO ","img":"https://sgfm.elcorteingles.es/SGFM/dctm/MEDIA02/CONTENIDOS/201509/10/00118944500463____1__600x600.jpg","price":"3,76 €","price_unit":"(8,95 € / Kilo)","categories":["Supermercado","Congelados","Verduras, hortalizas y frutas","Patatas congeladas","MAHESO patatas bravas para microondas salsa incluida estuche 420 g"],"general_information":["Denominación del alimento: Patatas bravas","País de origen: España","Nombre del operador: Gedesco S.A.","Dirección del operador: P.I. La Ferreria,  Avda de La Ferreria 59-71, 08110 Montcada i Reixac, Barcelona","Cantidad Neta: 420 g","Otras menciones obligatorias en la etiqueta: Plato preparado ultracongelado."],"ingredients":[" Patatas prefritas (71,5%): patatas, aceite de girasol y sal.  Salsa Brava (120g): Tomate, agua, producto lácteo reconstituido (lactosa, grasa de leche, proteínas de leche), aceite de girasol, cebolla, almidón modificado, azúcar, vinagre, especias, sal, aroma (contiene leche), caldo deshidratado de verduras, potenciador del sabor (glutamato monosódico) y espesante (goma xantana). Consultar trazas de alérgenos. Contiene leche. Este producto ha sido elaborado en una fábrica que emplea: huevo, soja, pescado, crustáceos, moluscos, frutos de cáscara, apio, mostaza y sésamo."],"conservation":" Conservar a -18°C. Una vez descongelado, no volver a congelar.","ean":"8410705001561"},{"full_name":"MC CAIN Tradition patatas congeladas bolsa 1 kg","name":"Tradition patatas congeladas bolsa 1 kg","brand":"MC CAIN ","img":"https://sgfm.elcorteingles.es/SGFM/dctm/MEDIA03/201606/01/00118944500026____1__600x600.jpg","price":"2,75 €","price_unit":"(2,75 € / Kilo)","categories":["Supermercado","Congelados","Verduras, hortalizas y frutas","Patatas congeladas","MC CAIN Tradition patatas congeladas bolsa 1 kg"],"general_information":["Denominación del alimento: Patatas prefritas y ultracongeladas.","Nombre del operador: McCain España, S.A.","Dirección del operador: Serrano, 240 - 28016 Madrid","Cantidad Neta: 1,0 Kilogramos"],"ingredients":[" Patatas (95%), aceite de girasol (5%)."],"conservation":" Conservar a menos 18° C","ean":"8710438027457"},{"full_name":"MC CAIN Golden Long patatas congeladas larga y fina bolsa 1 kg","name":"Golden Long patatas congeladas larga y fina bolsa 1 kg","brand":"MC CAIN ","img":"https://sgfm.elcorteingles.es/SGFM/dctm/MEDIA02/CONTENIDOS/201601/18/00118944500034____1__600x600.jpg","price":"2,45 €","price_unit":"(2,45 € / Kilo)","categories":["Supermercado","Congelados","Verduras, hortalizas y frutas","Patatas congeladas","MC CAIN Golden Long patatas congeladas larga y fina bolsa 1 kg"],"general_information":["Denominación del alimento: Patatas prefritas y ultracongeladas.","Nombre del operador: McCain España, S.A.","Dirección del operador: Serrano, 240 - 28016 Madrid","Cantidad Neta: 1,0 Kilogramos"],"ingredients":[" Patatas (95%), aceite de girasol (5%)."],"conservation":" Conservar a menos 18° C","ean":"8710438027518"},{"full_name":"MC CAIN patatas gajos barbacoa bolsa 600 g","name":"patatas gajos barbacoa bolsa 600 g","brand":"MC CAIN ","img":"https://sgfm.elcorteingles.es/SGFM/dctm/MEDIA03/201605/24/00118944500281____1__600x600.jpg","price":"2,12 €","price_unit":"(3,53 € / Kilo)","categories":["Supermercado","Congelados","Verduras, hortalizas y frutas","Patatas congeladas","MC CAIN patatas gajos barbacoa bolsa 600 g"],"general_information":["Denominación del alimento: Gajos de patata con piel, rebozados, prefritos y ultracongelados.","Nombre del operador: McCain España, S.A.","Dirección del operador: Serrano, 240 - 28016 Madrid","Cantidad Neta: 600,0 g"],"ingredients":[" Patatas (90%), aceite de girasol (5%), rebozado (5%): harina de trigo, harina de maíz, almidón de maíz, sal, dextrosa de patata, ajo en polvo, cebolla en polvo, almidón de patata modificado, especias (0,06%), extracto de levadura, agentes gasificantes (E500), colorantes: extracto de pimentón y curcumina, extractos de especias."],"conservation":" Conservar a menos 18° C","ean":"8710438047677"},{"full_name":"MC CAIN patata crisp bolsa 600 g","name":"patata crisp bolsa 600 g","brand":"MC CAIN ","img":"https://sgfm.elcorteingles.es/SGFM/dctm/MEDIA02/CONTENIDOS/201410/20/00118944500489____1__600x600.jpg","price":"2,20 €","price_unit":"(3,67 € / Kilo)","categories":["Supermercado","Congelados","Verduras, hortalizas y frutas","Patatas congeladas","MC CAIN patata crisp bolsa 600 g"],"general_information":["Denominación del alimento: Rodajas de patata rebozadas, prefritas y ultracongeladas.","Nombre del operador: McCain España, S.A.","Dirección del operador: Serrano, 240 - 28016 Madrid","Cantidad Neta: 600,0 g"],"ingredients":[" Patatas (89%), rebozado(6%): harina de trigo, harina de arroz, almidón de maíz, sal, dextrina de patata, gasificante: carbonato de sodio, colorantes: cúrcuma, extracto de pimentón, aceite de girasol (5%)"],"conservation":" Conservar a menos 18° C","ean":"8710438091434"},{"full_name":"MC CAIN Forno Country patatas corte rústico bolsa 600 g","name":"Forno Country patatas corte rústico bolsa 600 g","brand":"MC CAIN ","img":"https://sgfm.elcorteingles.es/SGFM/dctm/MEDIA02/CONTENIDOS/201410/20/00201144500616____1__600x600.jpg","price":"2,22 €","price_unit":"(3,70 € / Kilo)","categories":["Supermercado","Congelados","Verduras, hortalizas y frutas","Patatas congeladas","MC CAIN Forno Country patatas corte rústico bolsa 600 g"],"general_information":["Denominación del alimento: Patatas prefritas y ultracongeladas con un rebozado crujiente.","Nombre del operador: McCain España, S.A.","Dirección del operador: Serrano, 240 - 28016 Madrid","Cantidad Neta: 600,0 g"],"ingredients":[" Patatas (89.5%), aceite de girasol (6%), rebozado (4.5%): harina de trigo, harina de arroz, almidón de maíz, dextrina de patata, sal, gasificantes (E500), colorantes (E160, E160c)."],"conservation":" Conservar a menos 18° C","ean":"8710438039788"},{"full_name":"MC CAIN Forno Julienne patatas corte fino bolsa 600 g","name":"Forno Julienne patatas corte fino bolsa 600 g","brand":"MC CAIN ","img":"https://sgfm.elcorteingles.es/SGFM/dctm/MEDIA02/CONTENIDOS/201601/18/00201144500202____2__600x600.jpg","price":"2,35 €","price_unit":"(3,92 € / Kilo)","categories":["Supermercado","Congelados","Verduras, hortalizas y frutas","Patatas congeladas","MC CAIN Forno Julienne patatas corte fino bolsa 600 g"],"general_information":["Denominación del alimento: Patatas prefritas y ultracongeladas con un rebozado crujiente.","Nombre del operador: McCain España, S.A.","Dirección del operador: Serrano, 240 - 28016 Madrid","Cantidad Neta: 600,0 g"],"ingredients":[" Patatas (87.5%), aceite de girasol (6.5%), rebozado (6%): harina de trigo, harina de arroz, almidón de maíz, dextrina de patata, sal, gasificantes (E500), colorantes (E160, E160c)."],"conservation":" Conservar a menos 18° C","ean":"8710438074406"},{"full_name":"MC CAIN Fry n Dip crujiente por fuera tierna por dentro también al horno bolsa 500 g","name":"Fry n Dip crujiente por fuera tierna por dentro también al horno bolsa 500 g","brand":"MC CAIN ","img":"https://sgfm.elcorteingles.es/SGFM/dctm/MEDIA03/201710/31/00118944500620____1__600x600.jpg","price":"2,59 €","price_unit":"(5,18 € / Kilo)","categories":["Supermercado","Congelados","Verduras, hortalizas y frutas","Patatas congeladas","MC CAIN Fry n Dip crujiente por fuera tierna por dentro también al horno bolsa 500 g"],"general_information":[],"ingredients":[],"ean":"8710438109009"},{"full_name":"MC CAIN Original Style patatas fritas con piel también al horno bolsa 500 g","name":"Original Style patatas fritas con piel también al horno bolsa 500 g","brand":"MC CAIN ","img":"https://sgfm.elcorteingles.es/SGFM/dctm/MEDIA03/201710/31/00118944500638____1__600x600.jpg","price":"2,59 €","price_unit":"(5,18 € / Kilo)","categories":["Supermercado","Congelados","Verduras, hortalizas y frutas","Patatas congeladas","MC CAIN Original Style patatas fritas con piel también al horno bolsa 500 g"],"general_information":[],"ingredients":[],"ean":"8710438110654"},{"full_name":"MC CAIN patatas Frit'Up para microondas estuche 180 g","name":"patatas Frit'Up para microondas estuche 180 g","brand":"MC CAIN ","img":"https://sgfm.elcorteingles.es/SGFM/dctm/MEDIA03/201606/01/00118944500455____1__600x600.jpg","price":"2,33 €","price_unit":"(12,94 € / Kilo)","categories":["Supermercado","Congelados","Verduras, hortalizas y frutas","Patatas congeladas","MC CAIN patatas Frit'Up para microondas estuche 180 g"],"general_information":["Denominación del alimento: Crujientes palitos de puré de patata, prefritos y ultracongelados.","Nombre del operador: McCain España, S.A.","Dirección del operador: Serrano, 240 - 28016 Madrid","Cantidad Neta: 180,0 g"],"ingredients":[" Patatas (78%), copos de patata, aceite de girasol (10%), sal, dextrosa de trigo, emulsionante (E471), aroma."],"conservation":" Conservar a menos 18° C","ean":"8710438040036"},{"full_name":"MC CAIN patatas bravas caseras bolsa 750 g","name":"patatas bravas caseras bolsa 750 g","brand":"MC CAIN ","img":"https://sgfm.elcorteingles.es/SGFM/dctm/MEDIA03/201606/01/00118944500133____1__600x600.jpg","price":"2,23 €","price_unit":"(2,97 € / Kilo)","categories":["Supermercado","Congelados","Verduras, hortalizas y frutas","Patatas congeladas","MC CAIN patatas bravas caseras bolsa 750 g"],"general_information":["Denominación del alimento: Patatas cortadas, prefritas y ultracongeladas.","Nombre del operador: McCain España, S.A.","Dirección del operador: Serrano, 240 - 28016 Madrid","Cantidad Neta: 750,0 g"],"ingredients":[" Patatas (96.5%), aceite de girasol (3.5%)"],"conservation":" Conservar a menos 18° C","ean":"3256830007574"},{"full_name":"EL CORTE INGLES cebolla troceada bolsa 300 g","name":"cebolla troceada bolsa 300 g","brand":"EL CORTE INGLES ","img":"https://sgfm.elcorteingles.es/SGFM/dctm/MEDIA03/201606/29/00118922800844____1__600x600.jpg","price":"0,51 €","price_unit":"(1,70 € / Kilo)","categories":["Supermercado","Congelados","Verduras, hortalizas y frutas","Vegetales diversos congelados","EL CORTE INGLES cebolla troceada bolsa 300 g"],"general_information":["Denominación del alimento: Cebolla troceada ultracongelada","Nombre del operador: Elaborado para El Corte Inglés por\nGELAGRI IBÉRICA, S.L. \nCtra. Valtierra s/n ? 31320 Milagro\nNavarra (España)","Cantidad Neta: 300 g","Número de raciones por envase: 2"],"ingredients":[],"conservation":" CONSERVACIÓN MÁXIMA EN EL CONGELADOR DE SU FRIGORÍFICO \nEn el congelador de (*) 1 semana \nEn el congelador de (**) 1 mes \nEn el congelador de (***) Varios meses \nEn el congelador de (****) Ver fecha de consumo preferente \nA partir del momento de su colocación en dicho congelador \n\nCONSERVACIÓN MÁXIMA EN EL FRIGORÍFICO: 1 día \n\nConsérvese a temperaturas inferiores a ?18ºC \n\nMantenga la calidad respetando las condiciones de conservación. Producto ultracongelado, no volver a congelar una vez descongelado.","ean":"8433329070263"},{"full_name":"EL CORTE INGLES acelgas bolsa 400 g","name":"acelgas bolsa 400 g","brand":"EL CORTE INGLES ","img":"https://sgfm.elcorteingles.es/SGFM/dctm/MEDIA03/201610/05/00118922800851____1__600x600.jpg","price":"0,69 €","price_unit":"(1,72 € / Kilo)","categories":["Supermercado","Congelados","Verduras, hortalizas y frutas","Vegetales diversos congelados","EL CORTE INGLES acelgas bolsa 400 g"],"general_information":["Denominación del alimento: Hojas de acelga en miniporciones ultracongelada","Nombre del operador: Elaborado para El Corte Inglés\npor Congelados de Navarra, S.A.U.                     Ctra. NA-134, KM 16 - 31513 Argueda (Navarra) España","Cantidad Neta: 400 g"],"ingredients":[],"conservation":" Conservar a -18ºC.                                                  En frigorifico:  1 día                                                   En congelador:  sin estrellas: 3 días                          *: una semana                                                             **: 1 mes                                                                      *** ó ****: ver fecha de consumo preferente                  No volver a congelar una vez descongelado","ean":"8433329069731"},{"full_name":"EL CORTE INGLES brécol bolsa 750 g","name":"brécol bolsa 750 g","brand":"EL CORTE INGLES ","img":"https://sgfm.elcorteingles.es/SGFM/dctm/MEDIA03/201607/26/00118922800869____1__600x600.jpg","price":"1,18 €","price_unit":"(1,57 € / Kilo)","categories":["Supermercado","Congelados","Verduras, hortalizas y frutas","Vegetales diversos congelados","EL CORTE INGLES brécol bolsa 750 g"],"general_information":["Denominación del alimento: Brecol en floretes ultracongelado","Nombre del operador: Elaborado para El Corte Inglés\npor Congelados de Navarra, S.A.U.                     Ctra. NA-134, KM 16 - 31513 Argueda (Navarra) España","Cantidad Neta: 750 g","Número de raciones por envase: 3"],"ingredients":[],"conservation":" Conservar a -18ºC.                                                  En frigorifico:  1 día                                                   En congelador:  sin estrellas: 3 días                          *: una semana                                                             **: 1 mes                                                                      *** ó ****: ver fecha de consumo preferente                  No volver a congelar una vez descongelado","ean":"8433329069755"},{"full_name":"EL CORTE INGLES coliflor bolsa 750 g","name":"coliflor bolsa 750 g","brand":"EL CORTE INGLES ","img":"https://sgfm.elcorteingles.es/SGFM/dctm/MEDIA03/201607/26/00118922800877____1__600x600.jpg","price":"1,09 €","price_unit":"(1,45 € / Kilo)","categories":["Supermercado","Congelados","Verduras, hortalizas y frutas","Vegetales diversos congelados","EL CORTE INGLES coliflor bolsa 750 g"],"general_information":["Denominación del alimento: Coliflor en floretes ultracongelada","Nombre del operador: Elaborado para El Corte Inglés\npor Congelados de Navarra, S.A.U.                     Ctra. NA-134, KM 16 - 31513 Argueda (Navarra) España","Cantidad Neta: 750 g","Número de raciones por envase: 3"],"ingredients":[],"conservation":" Conservar a -18ºC.                                                  En frigorifico:  1 día                                                   En congelador:  sin estrellas: 3 días                          *: una semana                                                             **: 1 mes                                                                      *** ó ****: ver fecha de consumo preferente                  No volver a congelar una vez descongelado","ean":"8433329069748"},{"full_name":"FINDUS calabacín en dados bolsa 400 g","name":"calabacín en dados bolsa 400 g","brand":"FINDUS ","img":"https://sgfm.elcorteingles.es/SGFM/dctm/MEDIA02/CONTENIDOS/201407/03/00118922800794____1__600x600.jpg","price":"1,52 €","price_unit":"(3,80 € / Kilo)","categories":["Supermercado","Congelados","Verduras, hortalizas y frutas","Vegetales diversos congelados","FINDUS calabacín en dados bolsa 400 g"],"general_information":["Denominación del alimento: Calabacín ultracongelado","Nombre del operador: FINDUS ESPAÑA, S.L.U.","Dirección del operador: P.I. Berroa. C/ Berroa 13, 1ª planta. 31192 Tajonar (Navarra)","Cantidad Neta: 400 g","Otras menciones obligatorias en la etiqueta: Producto ultracongelado."],"ingredients":[" calabacín."],"conservation":" Producto ultracongelado. Conservar a -18°C o temperaturas inferiores.","ean":"8410092141970"},{"full_name":"FINDUS brócoli estuche 675 g","name":"brócoli estuche 675 g","brand":"FINDUS ","img":"https://sgfm.elcorteingles.es/SGFM/dctm/MEDIA03/201611/10/00118922800570____2__600x600.jpg","price":"2,92 €","price_unit":"(4,33 € / Kilo)","categories":["Supermercado","Congelados","Verduras, hortalizas y frutas","Vegetales diversos congelados","FINDUS brócoli estuche 675 g"],"general_information":[],"ingredients":[],"ean":"8410092143158"},{"full_name":"FINDUS verduras para crema y puré bolsa 750 g","name":"verduras para crema y puré bolsa 750 g","brand":"FINDUS ","img":"https://sgfm.elcorteingles.es/SGFM//00/74/5/0118922800745/0118922800745000g01011.jpg","price":"2,69 €","price_unit":"(3,59 € / Kilo)","categories":["Supermercado","Congelados","Verduras, hortalizas y frutas","Vegetales diversos congelados","FINDUS verduras para crema y puré bolsa 750 g"],"general_information":["Denominación del alimento: Mezcla de hortalizas para crema y puré ultracongelada","Nombre del operador: FINDUS ESPAÑA, S.L.U.","Dirección del operador: P.I. Berroa. C/ Berroa 13, 1ª planta. 31192 Tajonar (Navarra)","Cantidad Neta: 750 g","Otras menciones obligatorias en la etiqueta: Producto ultracongelado."],"ingredients":[" Patata, zanahoria, calabacín (18%), judía verde plana, puerro."],"conservation":" Producto ultracongelado. Conservar a -18°C o temperaturas inferiores.","ean":"8410092106405"},{"full_name":"FINDUS verduras para pisto bolsa 400 g","name":"verduras para pisto bolsa 400 g","brand":"FINDUS ","img":"https://sgfm.elcorteingles.es/SGFM/dctm/MEDIA02/CONTENIDOS/201407/03/00118958300669____1__600x600.jpg","price":"2,29 €","price_unit":"(5,72 € / Kilo)","categories":["Supermercado","Congelados","Verduras, hortalizas y frutas","Vegetales diversos congelados","FINDUS verduras para pisto bolsa 400 g"],"general_information":["Denominación del alimento: Mezcla de hortalizas para pisto ultracongeladas","Nombre del operador: FINDUS ESPAÑA, S.L.U.","Dirección del operador: P.I. Berroa. C/ Berroa 13, 1ª planta. 31192 Tajonar (Navarra)","Cantidad Neta: 400 g","Otras menciones obligatorias en la etiqueta: Producto ultracongelado."],"ingredients":[" Calabacín, berenjena, tomate (18%), pimiento verde, pimiento rojo y cebolla."],"conservation":" Producto ultracongelado. Conservar a -18°C o temperaturas inferiores.","ean":"8410092141994"},{"full_name":"FINDUS verduras para wok bolsa 400 g","name":"verduras para wok bolsa 400 g","brand":"FINDUS ","img":"https://sgfm.elcorteingles.es/SGFM/dctm/MEDIA02/CONTENIDOS/201407/03/00118958300651____1__600x600.jpg","price":"2,34 €","price_unit":"(5,85 € / Kilo)","categories":["Supermercado","Congelados","Verduras, hortalizas y frutas","Vegetales diversos congelados","FINDUS verduras para wok bolsa 400 g"],"general_information":["Denominación del alimento: Mezcla de hortalizas para wok ultracongeladas","Nombre del operador: FINDUS ESPAÑA, S.L.U.","Dirección del operador: P.I. Berroa. C/ Berroa 13, 1ª planta. 31192 Tajonar (Navarra)","Cantidad Neta: 400 g","Otras menciones obligatorias en la etiqueta: Producto ultracongelado."],"ingredients":[" Brécol, zanahoria, castaña de agua (16%), pimiento amarillo, cebolla, seta negra cultivada (8%) (Auricularia polytricha) y aceite de girasol."],"conservation":" Producto ultracongelado. Conservar a -18°C o temperaturas inferiores.","ean":"8410092142014"},{"full_name":"FINDUS coliflor bolsa 400 g","name":"coliflor bolsa 400 g","brand":"FINDUS ","img":"https://sgfm.elcorteingles.es/SGFM/dctm/MEDIA03/201602/19/00118922800620____1__600x600.jpg","price":"1,79 €","price_unit":"(4,48 € / Kilo)","categories":["Supermercado","Congelados","Verduras, hortalizas y frutas","Vegetales diversos congelados","FINDUS coliflor bolsa 400 g"],"general_information":["Denominación del alimento: Coliflor ultracongelada","Nombre del operador: FINDUS ESPAÑA, S.L.U.","Dirección del operador: P.I. Berroa. C/ Berroa 13, 1ª planta. 31192 Tajonar (Navarra)","Cantidad Neta: 400 g","Otras menciones obligatorias en la etiqueta: Producto ultracongelado."],"ingredients":[" Coliflor."],"conservation":" Producto ultracongelado. Conservar a -18°C o temperaturas inferiores.","ean":"8410092051132"},{"full_name":"FINDUS grelos hojas 2 porciones estuche 400 g","name":"grelos hojas 2 porciones estuche 400 g","brand":"FINDUS ","img":"https://sgfm.elcorteingles.es/SGFM/00/40/6/0118922800406/0118922800406000g01011.jpg","price":"2,40 €","price_unit":"(6 € / Kilo)","categories":["Supermercado","Congelados","Verduras, hortalizas y frutas","Vegetales diversos congelados","FINDUS grelos hojas 2 porciones estuche 400 g"],"general_information":["Denominación del alimento: Porciones de grelos ultracongeladas","Nombre del operador: FINDUS ESPAÑA, S.L.U.","Dirección del operador: P.I. Berroa. C/ Berroa 13, 1ª planta. 31192 Tajonar (Navarra)","Cantidad Neta: 400 g","Número de raciones por envase: 2","Otras menciones obligatorias en la etiqueta: Producto ultracongelado."],"ingredients":[" Grelos."],"conservation":" Producto ultracongelado. Conservar a -18°C o temperaturas inferiores.","ean":"8410074005528"},{"full_name":"FINDUS acelgas en hojas 4 porciones bolsa 400 g","name":"acelgas en hojas 4 porciones bolsa 400 g","brand":"FINDUS ","img":"https://sgfm.elcorteingles.es/SGFM/dctm/MEDIA03/201602/19/00118922800604____1__600x600.jpg","price":"1,79 €","price_unit":"(4,48 € / Kilo)","categories":["Supermercado","Congelados","Verduras, hortalizas y frutas","Vegetales diversos congelados","FINDUS acelgas en hojas 4 porciones bolsa 400 g"],"general_information":["Denominación del alimento: Porciones de acelga en hojas ultracongeladas","Nombre del operador: FINDUS ESPAÑA, S.L.U.","Dirección del operador: P.I. Berroa. C/ Berroa 13, 1ª planta. 31192 Tajonar (Navarra)","Cantidad Neta: 400 g","Otras menciones obligatorias en la etiqueta: Producto ultracongelado."],"ingredients":[" Acelga."],"conservation":" Producto ultracongelado. Conservar a -18°C o temperaturas inferiores.","ean":"8410092109185"},{"full_name":"FINDUS pochas bolsa 400 g","name":"pochas bolsa 400 g","brand":"FINDUS ","img":"https://sgfm.elcorteingles.es/SGFM/dctm/MEDIA03/201602/19/00118922800216____1__600x600.jpg","price":"3,14 €","price_unit":"(7,85 € / Kilo)","categories":["Supermercado","Congelados","Verduras, hortalizas y frutas","Vegetales diversos congelados","FINDUS pochas bolsa 400 g"],"general_information":["Denominación del alimento: Pochas ultracongeladas","Nombre del operador: FINDUS ESPAÑA, S.L.U.","Dirección del operador: P.I. Berroa. C/ Berroa 13, 1ª planta. 31192 Tajonar (Navarra)","Cantidad Neta: 400 g","Número de raciones por envase: 2","Otras menciones obligatorias en la etiqueta: Producto ultracongelado."],"ingredients":[" Pochas."],"conservation":" Producto ultracongelado. Conservar a -18°C o temperaturas inferiores.","ean":"8410092080132"},{"full_name":"FINDUS verdura para paella bolsa 400 g","name":"verdura para paella bolsa 400 g","brand":"FINDUS ","img":"https://sgfm.elcorteingles.es/SGFM/00/52/1/0118922800521/0118922800521000g01011.jpg","price":"2,15 €","price_unit":"(5,38 € / Kilo)","categories":["Supermercado","Congelados","Verduras, hortalizas y frutas","Vegetales diversos congelados","FINDUS verdura para paella bolsa 400 g"],"general_information":["Denominación del alimento: Mezcla de hortalizas y legumbre para paellas ultracongeladas","Nombre del operador: FINDUS ESPAÑA, S.L.U.","Dirección del operador: P.I. Berroa. C/ Berroa 13, 1ª planta. 31192 Tajonar (Navarra)","Cantidad Neta: 400 g","Otras menciones obligatorias en la etiqueta: Producto ultracongelado."],"ingredients":[" Judía verde plana, garrofón cocido, alubia blanca cocida, sal."],"conservation":" Producto ultracongelado. Conservar a -18°C o temperaturas inferiores.","ean":"8410092103558"},{"full_name":"FINDUS espárrago verde entero envase 200 g","name":"espárrago verde entero envase 200 g","brand":"FINDUS ","img":"https://sgfm.elcorteingles.es/SGFM/dctm/MEDIA03/201611/10/00118922800687____1__600x600.jpg","price":"3,12 €","price_unit":"(15,60 € / Kilo)","categories":["Supermercado","Congelados","Verduras, hortalizas y frutas","Vegetales diversos congelados","FINDUS espárrago verde entero envase 200 g"],"general_information":["Denominación del alimento: Espárrago verde entero ultracongelado","País de origen: Perú","Nombre del operador: FINDUS ESPAÑA, S.L.U.","Dirección del operador: P.I. Berroa. C/ Berroa 13, 1ª planta. 31192 Tajonar (Navarra)","Lugar de procedencia del alimento: Perú","Cantidad Neta: 200 g","Otras menciones obligatorias en la etiqueta: Producto ultracongelado."],"ingredients":[" Espárrago verde."],"conservation":" Producto ultracongelado. Conservar a -18°C o temperaturas inferiores.","ean":"8410092106528"},{"full_name":"FINDUS coles de Bruselas bolsa 400 g","name":"coles de Bruselas bolsa 400 g","brand":"FINDUS ","img":"https://sgfm.elcorteingles.es/SGFM/dctm/MEDIA03/201602/19/00118922800539____1__600x600.jpg","price":"2,40 €","price_unit":"(6 € / Kilo)","categories":["Supermercado","Congelados","Verduras, hortalizas y frutas","Vegetales diversos congelados","FINDUS coles de Bruselas bolsa 400 g"],"general_information":["Denominación del alimento: Coles de Bruselas ultracongeladas","Nombre del operador: FINDUS ESPAÑA, S.L.U.","Dirección del operador: P.I. Berroa. C/ Berroa 13, 1ª planta. 31192 Tajonar (Navarra)","Cantidad Neta: 400 g","Número de raciones por envase: 2","Otras menciones obligatorias en la etiqueta: Producto ultracongelado."],"ingredients":[" Coles de Bruselas."],"conservation":" Producto ultracongelado. Conservar a -18°C o temperaturas inferiores.","ean":"8410092055130"},{"full_name":"FINDUS zanahoria baby bolsa 300 g","name":"zanahoria baby bolsa 300 g","brand":"FINDUS ","img":"https://sgfm.elcorteingles.es/SGFM/dctm/MEDIA03/201605/18/00118922800224____1__600x600.jpg","price":"1,95 €","price_unit":"(6,50 € / Kilo)","categories":["Supermercado","Congelados","Verduras, hortalizas y frutas","Vegetales diversos congelados","FINDUS zanahoria baby bolsa 300 g"],"general_information":["Denominación del alimento: Zanahorias ultracongeladas","Nombre del operador: FINDUS ESPAÑA, S.L.U.","Dirección del operador: P.I. Berroa. C/ Berroa 13, 1ª planta. 31192 Tajonar (Navarra)","Cantidad Neta: 300 g","Otras menciones obligatorias en la etiqueta: Producto ultracongelado."],"ingredients":[" Zanahoria."],"conservation":" Producto ultracongelado. Conservar a -18°C o temperaturas inferiores.","ean":"8410092103459"},{"full_name":"FINDUS selección de setas enteras bolsa 300 g","name":"selección de setas enteras bolsa 300 g","brand":"FINDUS ","img":"https://sgfm.elcorteingles.es/SGFM/dctm/MEDIA03/201606/03/00118922800455____1__600x600.jpg","price":"2,20 €","price_unit":"(7,33 € / Kilo)","categories":["Supermercado","Congelados","Verduras, hortalizas y frutas","Vegetales diversos congelados","FINDUS selección de setas enteras bolsa 300 g"],"general_information":["Denominación del alimento: Mezcla de setas cultivadas ultracongelada","Nombre del operador: FINDUS ESPAÑA, S.L.U.","Dirección del operador: P.I. Berroa. C/ Berroa 13, 1ª planta. 31192 Tajonar (Navarra)","Cantidad Neta: 300 g","Otras menciones obligatorias en la etiqueta: Producto ultracongelado."],"ingredients":[" Seta shiitake cultivada (Lentinula edodes), seta nameko cultivada (Pholiota nameko), seta de ostra cultivada (Pleurotus ostreatus) y champiñón cultivado (Agaricus bisporus) (contiene sulfitos) ."],"conservation":" Producto ultracongelado. Conservar a -18°C o temperaturas inferiores.","ean":"8410092134347"},{"full_name":"FINDUS maíz superdulce bolsa 300 g","name":"maíz superdulce bolsa 300 g","brand":"FINDUS ","img":"https://sgfm.elcorteingles.es/SGFM/dctm/MEDIA03/201605/18/00118943100034____1__600x600.jpg","price":"2,19 €","price_unit":"(7,30 € / Kilo)","categories":["Supermercado","Congelados","Verduras, hortalizas y frutas","Vegetales diversos congelados","FINDUS maíz superdulce bolsa 300 g"],"general_information":["Denominación del alimento: Maíz Superdulce grano ultracongelado","Nombre del operador: FINDUS ESPAÑA, S.L.U.","Dirección del operador: P.I. Berroa. C/ Berroa 13, 1ª planta. 31192 Tajonar (Navarra)","Cantidad Neta: 300 g","Número de raciones por envase: 2","Otras menciones obligatorias en la etiqueta: Producto ultracongelado."],"ingredients":[" Ingredirentes: maíz superdulce."],"conservation":" Producto ultracongelado. Conservar a -18°C o temperaturas inferiores.","ean":"8410092081139"},{"full_name":"FINDUS cebolla troceada congelada 100% natural envase 250 g","name":"cebolla troceada congelada 100% natural envase 250 g","brand":"FINDUS ","img":"https://sgfm.elcorteingles.es/SGFM/00/48/9/0118922800489/0118922800489000g01011.jpg","price":"1,56 €","price_unit":"(6,24 € / Kilo)","categories":["Supermercado","Congelados","Verduras, hortalizas y frutas","Vegetales diversos congelados","FINDUS cebolla troceada congelada 100% natural envase 250 g"],"general_information":["Denominación del alimento: Cebolla troceada ultracongelada","Nombre del operador: FINDUS ESPAÑA, S.L.U.","Dirección del operador: P.I. Berroa. C/ Berroa 13, 1ª planta. 31192 Tajonar (Navarra)","Cantidad Neta: 250 g","Otras menciones obligatorias en la etiqueta: Producto ultracongelado."],"ingredients":[" Cebolla."],"conservation":" Producto ultracongelado. Conservar a -18°C o temperaturas inferiores.","ean":"8410092103633"},{"full_name":"FINDUS verduras para sofrito 100% natural bolsa 250 g","name":"verduras para sofrito 100% natural bolsa 250 g","brand":"FINDUS ","img":"https://sgfm.elcorteingles.es/SGFM/00/49/7/0118922800497/0118922800497000g01011.jpg","price":"1,77 €","price_unit":"(7,08 € / Kilo)","categories":["Supermercado","Congelados","Verduras, hortalizas y frutas","Vegetales diversos congelados","FINDUS verduras para sofrito 100% natural bolsa 250 g"],"general_information":["Denominación del alimento: Mezcla de  hortalizas para sofrito ultracongeladas","Nombre del operador: FINDUS ESPAÑA, S.L.U.","Dirección del operador: P.I. Berroa. C/ Berroa 13, 1ª planta. 31192 Tajonar (Navarra)","Cantidad Neta: 250 g","Otras menciones obligatorias en la etiqueta: Producto ultracongelado."],"ingredients":[" Cebolla, tomate, pimiento verde, ajo."],"conservation":" Producto ultracongelado. Conservar a -18°C o temperaturas inferiores.","ean":"8410092118248"},{"full_name":"FINDUS garrofón bolsa 200 g","name":"garrofón bolsa 200 g","brand":"FINDUS ","img":"https://sgfm.elcorteingles.es/SGFM/00/51/3/0118922800513/0118922800513000g01011.jpg","price":"1,72 €","price_unit":"(8,60 € / Kilo)","categories":["Supermercado","Congelados","Verduras, hortalizas y frutas","Vegetales diversos congelados","FINDUS garrofón bolsa 200 g"],"general_information":["Denominación del alimento: Garrofón cocido ultracongelado","Nombre del operador: FINDUS ESPAÑA, S.L.U.","Dirección del operador: P.I. Berroa. C/ Berroa 13, 1ª planta. 31192 Tajonar (Navarra)","Cantidad Neta: 200 g","Otras menciones obligatorias en la etiqueta: Producto ultracongelado."],"ingredients":[" Garrofón, agua y sal."],"conservation":" Producto ultracongelado. Conservar a -18°C o temperaturas inferiores.","ean":"8410092103534"},{"full_name":"FINDUS ajo troceado congelado 100% natural estuche 75 g","name":"ajo troceado congelado 100% natural estuche 75 g","brand":"FINDUS ","img":"https://sgfm.elcorteingles.es/SGFM/dctm/MEDIA03/201611/10/00118922800471____1__600x600.jpg","price":"1,56 €","price_unit":"(20,80 € / Kilo)","categories":["Supermercado","Congelados","Verduras, hortalizas y frutas","Vegetales diversos congelados","FINDUS ajo troceado congelado 100% natural estuche 75 g"],"general_information":["Denominación del alimento: Ajo cubos ultracongelado","Nombre del operador: FINDUS ESPAÑA, S.L.U.","Dirección del operador: P.I. Berroa. C/ Berroa 13, 1ª planta. 31192 Tajonar (Navarra)","Cantidad Neta: 75 g","Otras menciones obligatorias en la etiqueta: Producto ultracongelado."],"ingredients":[" Ajo, aceite de girasol (max. 5%)"],"conservation":" Producto ultracongelado. Conservar a -18°C o temperaturas inferiores.","ean":"8410092126120"},{"full_name":"FINDUS perejil troceado 100% natural envase 50 g","name":"perejil troceado 100% natural envase 50 g","brand":"FINDUS ","img":"https://sgfm.elcorteingles.es/SGFM/dctm/MEDIA03/201611/10/00118922800505____1__600x600.jpg","price":"1,44 €","price_unit":"(28,80 € / Kilo)","categories":["Supermercado","Congelados","Verduras, hortalizas y frutas","Vegetales diversos congelados","FINDUS perejil troceado 100% natural envase 50 g"],"general_information":["Denominación del alimento: Perejil picado ultracongelado","Nombre del operador: FINDUS ESPAÑA, S.L.U.","Dirección del operador: P.I. Berroa. C/ Berroa 13, 1ª planta. 31192 Tajonar (Navarra)","Cantidad Neta: 50 g","Otras menciones obligatorias en la etiqueta: Producto ultracongelado."],"ingredients":[" Perejil, aceite de girasol (max. 5%)"],"conservation":" Producto ultracongelado. Conservar a -18°C o temperaturas inferiores.","ean":"8410092126144"},{"full_name":"FRUTOBOS boletus Edulis bolsa 250 g","name":"boletus Edulis bolsa 250 g","brand":"FRUTOBOS ","img":"https://sgfm.elcorteingles.es/SGFM/00/71/1/0118922800711/0118922800711000g01011.jpg","price":"5,24 €","price_unit":"(20,96 € / Kilo)","categories":["Supermercado","Congelados","Verduras, hortalizas y frutas","Vegetales diversos congelados","FRUTOBOS boletus Edulis bolsa 250 g"],"general_information":[],"ingredients":[],"ean":"8428881060081"},{"full_name":"FRUTOBOS macedonia de setas bolsa 250 g","name":"macedonia de setas bolsa 250 g","brand":"FRUTOBOS ","img":"https://sgfm.elcorteingles.es/SGFM/00/65/7/0201122800657/0201122800657000g01011.jpg","price":"3,52 €","price_unit":"(14,08 € / Kilo)","categories":["Supermercado","Congelados","Verduras, hortalizas y frutas","Vegetales diversos congelados","FRUTOBOS macedonia de setas bolsa 250 g"],"general_information":[],"ingredients":[],"ean":"8428881060623"},{"full_name":"EDAMAME judías de soja verde cocidas bolsa 500 g","name":"judías de soja verde cocidas bolsa 500 g","brand":"EDAMAME ","img":"https://sgfm.elcorteingles.es/SGFM/dctm/MEDIA03/201612/28/00118922800885____1__600x600.jpg","price":"3,99 €","price_unit":"(7,98 € / Kilo)","categories":["Supermercado","Congelados","Verduras, hortalizas y frutas","Vegetales diversos congelados","EDAMAME judías de soja verde cocidas bolsa 500 g"],"general_information":[],"ingredients":[],"ean":"4038822049712"},{"full_name":"ARDO Brócoli en floretes ecológico bolsa 600 g","name":"Brócoli en floretes ecológico bolsa 600 g","brand":"ARDO ","img":"https://sgfm.elcorteingles.es/SGFM/dctm/MEDIA03/201709/08/00118922800927____1__600x600.jpg","price":"2,99 €","price_unit":"(4,98 € / Kilo)","categories":["Supermercado","Congelados","Verduras, hortalizas y frutas","Vegetales diversos congelados","ARDO Brócoli en floretes ecológico bolsa 600 g"],"general_information":[],"ingredients":[],"ean":"5411361014950"},{"full_name":"ARDO coliflor en floretes bolsa 600 g","name":"coliflor en floretes bolsa 600 g","brand":"ARDO ","img":"https://sgfm.elcorteingles.es/SGFM/dctm/MEDIA03/201709/08/00118922800935____1__600x600.jpg","price":"2,99 €","price_unit":"(4,98 € / Kilo)","categories":["Supermercado","Congelados","Verduras, hortalizas y frutas","Vegetales diversos congelados","ARDO coliflor en floretes bolsa 600 g"],"general_information":[],"ingredients":[],"ean":"5411361018675"}]