[{"full_name":"EL CORTE INGLES vinagre balsámico de Modena I.G.P. botella 250 ml","name":"vinagre balsámico de Modena I.G.P. botella 250 ml","brand":"EL CORTE INGLES ","img":"https://sgfm.elcorteingles.es/SGFM/dctm/MEDIA03/201705/05/00120904301239____1__600x600.jpg","price":"1,37 €","price_unit":"(5,48 € / Litro)","categories":["Supermercado","Alimentación General","Vinagres","Vinagre de Módena","EL CORTE INGLES vinagre balsámico de Modena I.G.P. botella 250 ml"],"general_information":["Lugar de procedencia del alimento: Producto de Italia"],"ingredients":[" Ingredientes: Vinagre de vino*, mosto de uva*, colorante: caramelo E 150D*. Contiene sulfitos."],"conservation":" Conservar en lugar fresco y seco","ean":"8433329079204"},{"full_name":"EL CORTE INGLES vinagre balsámico de Módena ecológico botella 250 ml","name":"vinagre balsámico de Módena ecológico botella 250 ml","brand":"EL CORTE INGLES ","img":"https://sgfm.elcorteingles.es/SGFM/dctm/MEDIA03/201702/23/00120904300678____1__600x600.jpg","price":"2,29 €","price_unit":"(9,16 € / Litro)","categories":["Supermercado","Alimentación General","Vinagres","Vinagre de Módena","EL CORTE INGLES vinagre balsámico de Módena ecológico botella 250 ml"],"general_information":["Denominación del alimento: Vinagre Balsámico de Modena Biológico","Lugar de procedencia del alimento: Producto de Italia"],"ingredients":[" Ingredientes: Vinagre de vino*, mosto de uva* concentrado. \n*Biológico."],"conservation":" Conservar en lugar fresco y seco","ean":"8433329054850"},{"full_name":"EL CORTE INGLES vinagre balsámico de Módena envejecido 100% Italia botella 250 ml","name":"vinagre balsámico de Módena envejecido 100% Italia botella 250 ml","brand":"EL CORTE INGLES ","img":"https://sgfm.elcorteingles.es/SGFM/dctm/MEDIA03/201610/17/00120904300249____1__600x600.jpg","price":"3,45 €","price_unit":"(13,80 € / Litro)","categories":["Supermercado","Alimentación General","Vinagres","Vinagre de Módena","EL CORTE INGLES vinagre balsámico de Módena envejecido 100% Italia botella 250 ml"],"general_information":["Denominación del alimento: Vinagre balsámico de Módena envejecido","Lugar de procedencia del alimento: Producto de Italia"],"ingredients":[" Ingredientes: Vinagre de vino*, mosto de uva cocido*, colorante: caramelo E 150D*.              *Contiene sulfitos"],"conservation":" Conservar en lugar fresco y seco","ean":"8433329054843"},{"full_name":"EL CORTE INGLES crema balsámica de Modena botella 250 ml","name":"crema balsámica de Modena botella 250 ml","brand":"EL CORTE INGLES ","img":"https://sgfm.elcorteingles.es/SGFM/dctm/MEDIA03/201702/13/00120904400411____1__600x600.jpg","price":"2,25 €","price_unit":"(9 € / Litro)","categories":["Supermercado","Alimentación General","Vinagres","Vinagre de Módena","EL CORTE INGLES crema balsámica de Modena botella 250 ml"],"general_information":["Denominación del alimento: CREMA CON \"ACETO BALSÁMICO DI MODENA IGP\"","Nombre del operador: Elaborado para El Corte Inglés\n por\n Vinagrerías Riojanas S.A.\nAvda. Mendavia, 8 \n26009 Logroño (La Rioja) España","Número de raciones por envase: aprox. 16"],"ingredients":[" Ingredientes: Vinagre balsamico de Modena \"Aceto Balsamico di Modena IGP\" (39%) (vinagre de vino, mosto concentrado de uva , colorante caramelo E-150d) (sulfitos), mosto concentrado de uva, jarabe de glucosa-fructosa, agua, almidón modificado de maíz y espesante (goma xantana)."],"conservation":" Conservar en lugar fresco y seco, a temperatura no superior a 30ºC y no exponer directamente a la luz solar. Una vez abierto conservar en frigorífico.","ean":"8433329076388"},{"full_name":"EL CORTE INGLES crema balsámica de Modena a la frambuesa botella 250 ml","name":"crema balsámica de Modena a la frambuesa botella 250 ml","brand":"EL CORTE INGLES ","img":"https://sgfm.elcorteingles.es/SGFM/dctm/MEDIA03/201702/13/00120904400437____1__600x600.jpg","price":"2,25 €","price_unit":"(9 € / Litro)","categories":["Supermercado","Alimentación General","Vinagres","Vinagre de Módena","EL CORTE INGLES crema balsámica de Modena a la frambuesa botella 250 ml"],"general_information":["Denominación del alimento: CREMA CON VINAGRE BALSAMICO DE MODENA \"ACETO BALSAMICO DI MODENA IGP\" A LA FRAMBUESA","Nombre del operador: Elaborado para El Corte Inglés\n por\n Vinagrerías Riojanas S.A.\nAvda. Mendavia, 8 \n26009 Logroño (La Rioja) España","Número de raciones por envase: aprox. 16"],"ingredients":[" Ingredientes: Vinagre balsamico de Modena \"Aceto Balsamico di Modena IGP\" (39%) (vinagre de vino, mosto concentrado de uva , colorante caramelo E-150d)(sulfitos), mosto concentrado de uva, jarabe de glucosa-fructosa, agua y almidón modificado de maíz, espesante (goma xantana) y aroma de frambuesa."],"conservation":" Conservar en lugar fresco y seco, a temperatura no superior a 30ºC y no exponer directamente a la luz solar. Una vez abierto conservar en frigorífico.","ean":"8433329076395"},{"full_name":"BORGES vinagre balsámico de Modena botella 500 ml","name":"vinagre balsámico de Modena botella 500 ml","brand":"BORGES ","img":"https://sgfm.elcorteingles.es/SGFM/00/54/6/0120904300546/0120904300546000g01011.jpg","price":"3,55 €","price_unit":"(7,10 € / Litro)","categories":["Supermercado","Alimentación General","Vinagres","Vinagre de Módena","BORGES vinagre balsámico de Modena botella 500 ml"],"general_information":["Denominación del alimento: Aceto Balsamico di Modena IGP.","País de origen: España","Nombre del operador: Borges Branded Foods, SLU.","Dirección del operador: Avda. Josep Trepat, s/n 25300 Tárrega (Lérida).","Lugar de procedencia del alimento: Italia","Cantidad Neta: 500 Mililitros"],"ingredients":[" Vinagre de vino, mosto de uva concentrado, mosto de uva cocido, colorante E-150d. Contiene sulfitos."],"conservation":" Conservar a temperatura ambiente.","ean":"8410179306124"},{"full_name":"BORGES vinagre balsámico de Módena reserva botella 250 ml","name":"vinagre balsámico de Módena reserva botella 250 ml","brand":"BORGES ","img":"https://sgfm.elcorteingles.es/SGFM/00/41/3/0120904300413/0120904300413000g01011.jpg","price":"3,39 €","price_unit":"(13,56 € / Litro)","categories":["Supermercado","Alimentación General","Vinagres","Vinagre de Módena","BORGES vinagre balsámico de Módena reserva botella 250 ml"],"general_information":["Denominación del alimento: Aceto Balsamico di Modena IGP. Edición dorada.","País de origen: España","Nombre del operador: Borges Branded Foods, SLU.","Dirección del operador: Avda. Josep Trepat, s/n 25300 Tárrega (Lérida).","Lugar de procedencia del alimento: Italia","Cantidad Neta: 250 Mililitros"],"ingredients":[" Mosto de uva cocido, vinagre de vino, colorante E-150d. Contiene sulfitos."],"conservation":" Conservar a temperatura ambiente.","ean":"8410179004785"},{"full_name":"BORGES vinagre balsámico de Módena botella 250 ml","name":"vinagre balsámico de Módena botella 250 ml","brand":"BORGES ","img":"https://sgfm.elcorteingles.es/SGFM/00/27/2/0120904300272/0120904300272000g01011.jpg","price":"2,00 €","price_unit":"(8 € / Litro)","categories":["Supermercado","Alimentación General","Vinagres","Vinagre de Módena","BORGES vinagre balsámico de Módena botella 250 ml"],"general_information":["Denominación del alimento: Aceto Balsamico di Modena IGP.","País de origen: España","Nombre del operador: Borges Branded Foods, SLU.","Dirección del operador: Avda. Josep Trepat, s/n 25300 Tárrega (Lérida).","Lugar de procedencia del alimento: Italia","Cantidad Neta: 250 Mililitros"],"ingredients":[" Vinagre de vino, mosto de uva concentrado, mosto de uva cocido, colorante E-150d. Contiene sulfitos."],"conservation":" Conservar a temperatura ambiente.","ean":"8410179306148"},{"full_name":"BORGES crema de vinagre balsámico de Módena envase 250 g","name":"crema de vinagre balsámico de Módena envase 250 g","brand":"BORGES ","img":"https://sgfm.elcorteingles.es/SGFM/00/04/9/0120904400049/0120904400049000g01011.jpg","price":"3,29 €","price_unit":"(13,16 € / Kilo)","categories":["Supermercado","Alimentación General","Vinagres","Vinagre de Módena","BORGES crema de vinagre balsámico de Módena envase 250 g"],"general_information":["Denominación del alimento: Crema a base de vinagre balsámico de Módena.","País de origen: España","Nombre del operador: Borges Branded Foods, SLU.","Dirección del operador: Avda. Josep Trepat, s/n 25300 Tárrega (Lérida).","Cantidad Neta: 250 g"],"ingredients":[" Jugo de uva concentrado, \"Aceto Balsamico di Modena IGP\" (39%), vinagre de vino, mosto de uva concentrado, colorante E-150d y almidón modificado de maíz. Contiene sulfitos."],"conservation":" Conservar en lugar fresco y proteger de la luz y calor directos, antes y una vez abierto el envase.","ean":"8410179005935"},{"full_name":"BORGES Delissimo's vinagreta de Módena envase 250 ml","name":"Delissimo's vinagreta de Módena envase 250 ml","brand":"BORGES ","img":"https://sgfm.elcorteingles.es/SGFM/dctm/MEDIA03/201609/16/00120904300975____1__600x600.jpg","price":"2,38 €","price_unit":"(9,52 € / Litro)","categories":["Supermercado","Alimentación General","Vinagres","Vinagre de Módena","BORGES Delissimo's vinagreta de Módena envase 250 ml"],"general_information":["Denominación del alimento: Vinagreta de Módena.","País de origen: España","Nombre del operador: Borges Branded Foods, SLU.","Dirección del operador: Avda. Josep Trepat, s/n 25300 Tárrega (Lérida).","Cantidad Neta: 250 Mililitros"],"ingredients":[" Aceite de oliva virgen extra, aceite refinado de girasol, ?Aceto Balsamico di Modena IGP*? (29%) (vinagre de vino, mosto de uva concentrado,mosto de uva cocido y colorante E-150d ), miel (5.8%), agua, sal, aromas. Contiene sulfitos . Puede contener trazas de mostaza, soja, gluten y sésamo. IGP*: Indicazione Geografica Protetta."],"conservation":" Cerrar después de cada uso. Almacenar en un lugar fresco y seco, lejos de la luz solar.","ean":"8410179013114"},{"full_name":"PRIMA vinagre balsámico de Modena botella 750 ml","name":"vinagre balsámico de Modena botella 750 ml","brand":"PRIMA ","img":"https://sgfm.elcorteingles.es/SGFM/dctm/MEDIA03/201706/07/00120904300934____2__600x600.jpg","price":"3,82 €","price_unit":"(5,09 € / Litro)","categories":["Supermercado","Alimentación General","Vinagres","Vinagre de Módena","PRIMA vinagre balsámico de Modena botella 750 ml"],"general_information":["Denominación del alimento: Vinagre Balsámico","Nombre del operador: Bolton Cile España","Dirección del operador: C/. Ombú nº 3   28045 Madrid, España","Cantidad Neta: 750 Mililitros"],"ingredients":[" Vinagre balsámico (vgre vino, conc.mosto uva y colorante (caramelo)), antioxidante (anhídrido SULFUROSO)"],"ean":"8410118040973"},{"full_name":"ORTALLI vinagre balsámico de Módena spray 250 ml","name":"vinagre balsámico de Módena spray 250 ml","brand":"ORTALLI ","img":"https://sgfm.elcorteingles.es/SGFM/00/32/2/0120904300322/0120904300322000g01011.jpg","price":"4,12 €            ","price_unit":"(14,60 € / Litro)","categories":["Supermercado","Alimentación General","Vinagres","Vinagre de Módena","ORTALLI vinagre balsámico de Módena spray 250 ml"],"general_information":["Denominación del alimento: Aceto Balsamico di Modena I.G.P. Il Pantaro Spray","País de origen: Italia","Nombre del operador: Borges Branded Foods, SLU.","Dirección del operador: Avda. Josep Trepat, s/n 25300 Tárrega (Lérida).","Lugar de procedencia del alimento: Italia","Cantidad Neta: 250 Mililitros"],"ingredients":[" Vinagre de vino, mosto de uva concentrado, mosto de uva cocido. Contiene sulfitos"],"conservation":" Conservar a temperatura ambiente","ean":"8024267020085"},{"full_name":"ORTALLI crema clásica de aceto balsámico de modena envase 250 g","name":"crema clásica de aceto balsámico de modena envase 250 g","brand":"ORTALLI ","img":"https://sgfm.elcorteingles.es/SGFM/dctm/MEDIA03/201609/16/00120904400395____1__600x600.jpg","price":"3,54 €            ","price_unit":"(12,20 € / Kilo)","categories":["Supermercado","Alimentación General","Vinagres","Vinagre de Módena","ORTALLI crema clásica de aceto balsámico de modena envase 250 g"],"general_information":["Denominación del alimento: Creme Classica all'Aceto Balsamico di Modena I.G.P.","País de origen: Italia","Nombre del operador: Borges Branded Foods, SLU.","Dirección del operador: Avda. Josep Trepat, s/n 25300 Tárrega (Lérida).","Lugar de procedencia del alimento: Italia","Cantidad Neta: 250 Mililitros"],"ingredients":[" Mosto de uvas concentrado, vinagre balsámico de Módena (30%) vinagre de vino (vino, agua) mosto de uva cocido, colorante caramelo E150d, jarabe de glucosa, almidón modificado de maíz. Contiene sulfitos."],"conservation":" Una vez abierto conservar en el frigorífico","ean":"8024267070318"},{"full_name":"ORTALLI aceto balsámico de Modena I.G.P. envase 250 ml","name":"aceto balsámico de Modena I.G.P. envase 250 ml","brand":"ORTALLI ","img":"https://sgfm.elcorteingles.es/SGFM/dctm/MEDIA03/201609/16/00120904301023____1__600x600.jpg","price":"2,95 €            ","price_unit":"(10,60 € / Litro)","categories":["Supermercado","Alimentación General","Vinagres","Vinagre de Módena","ORTALLI aceto balsámico de Modena I.G.P. envase 250 ml"],"general_information":["Denominación del alimento: Vinagre Balsámico Modena La Vedetta","País de origen: Italia","Nombre del operador: Borges Branded Foods, SLU.","Dirección del operador: Avda. Josep Trepat, s/n 25300 Tárrega (Lérida).","Lugar de procedencia del alimento: Italia","Cantidad Neta: 250 Mililitros"],"ingredients":[" Vinagre de vino, mosto de uva concentrado, mosto de uva cocido, colorante E-150d. Contiene sulfitos"],"conservation":" Conservar a temperatura ambiente","ean":"8024267040021"},{"full_name":"ORTALLI crema de aceto balsámico de modena I.G.P. y trufa envase 150 ml","name":"crema de aceto balsámico de modena I.G.P. y trufa envase 150 ml","brand":"ORTALLI ","img":"https://sgfm.elcorteingles.es/SGFM/dctm/MEDIA03/201609/16/00120904400387____1__600x600.jpg","price":"3,96 €            ","price_unit":"(23,67 € / Litro)","categories":["Supermercado","Alimentación General","Vinagres","Vinagre de Módena","ORTALLI crema de aceto balsámico de modena I.G.P. y trufa envase 150 ml"],"general_information":["Denominación del alimento: Creme all'Aceto Balsamico di Modena I.G.P. Tartufo.","País de origen: Italia","Nombre del operador: Borges Branded Foods, SLU.","Dirección del operador: Avda. Josep Trepat, s/n 25300 Tárrega (Lérida).","Lugar de procedencia del alimento: Italia","Cantidad Neta: 250 Mililitros"],"ingredients":[" Mosto de uva concentrado, vinagre balsámico de Módena, 39% (vinagre de vino, mosto de uva cocido, colorante E150d), jarabe de glucosa, trufas deshidratadas (1%), almidón de maíz modificado y aromas naturales. Contiene sulfitos."],"conservation":" Una vez abierto conservar en el frigorífico","ean":"8024267080201"},{"full_name":"PONTI Glassa crema de vinagre balsámico de Módena bote 250 g","name":"Glassa crema de vinagre balsámico de Módena bote 250 g","brand":"PONTI ","img":"https://sgfm.elcorteingles.es/SGFM/dctm/MEDIA02/CONTENIDOS/201407/21/00120904400064____1__600x600.jpg","price":"3,38 €            ","price_unit":"(13,16 € / Kilo)","categories":["Supermercado","Alimentación General","Vinagres","Vinagre de Módena","PONTI Glassa crema de vinagre balsámico de Módena bote 250 g"],"general_information":["Denominación del alimento: Vinagre de vino","País de origen: Italia","Nombre del operador: Ponti S.p.A.","Dirección del operador: Via E. Ferrari 7- 28074 GHEMME (NO)","Cantidad Neta: 250 g","Otras menciones obligatorias en la etiqueta: Indicazione Geografica Protetta"],"ingredients":[" Mosto cocido, Aceto Balsamico di Modena I.G.P. 38% (vinagre de vino, mosto de uva concentrado, mosto cocido, colorante: caramelo E150d, antioxidante: dioxido de azufre), vinagre de vino, colorante: caramelo E150d, almidón modificado de maíz, espesante: goma xantana."],"ean":"8001010076568"},{"full_name":"PONTI vinagre balsámico de Módena botella 250 ml","name":"vinagre balsámico de Módena botella 250 ml","brand":"PONTI ","img":"https://sgfm.elcorteingles.es/SGFM//00/28/0/0120904300280/0120904300280000g01011.jpg","price":"2,19 €","price_unit":"(8,76 € / Litro)","categories":["Supermercado","Alimentación General","Vinagres","Vinagre de Módena","PONTI vinagre balsámico de Módena botella 250 ml"],"general_information":["Denominación del alimento: Vinagre de vino","País de origen: Italia","Nombre del operador: Ponti S.p.A.","Dirección del operador: Via E. Ferrari 7- 28074 GHEMME (NO)","Cantidad Neta: 250,0 Mililitros","Otras menciones obligatorias en la etiqueta: Indicazione Geografica Protetta; Contiene sulfitos"],"ingredients":[" Vinagre de vino, mosto de uva concentrado, mosto cocido de uva, colorante E-150d, Antioxidante E-220. Contiene Sulfitos."],"ean":"8001010072218"},{"full_name":"ROMANICO vinagre balsámico de Módena botella 500 ml","name":"vinagre balsámico de Módena botella 500 ml","brand":"ROMANICO ","img":"https://sgfm.elcorteingles.es/SGFM/00/02/5/0120904300025/0120904300025000g01011.jpg","price":"3,73 €","price_unit":"(7,46 € / Litro)","categories":["Supermercado","Alimentación General","Vinagres","Vinagre de Módena","ROMANICO vinagre balsámico de Módena botella 500 ml"],"general_information":["Denominación del alimento: Vinagre balsámico de módena","Nombre del operador: Agrupació Olearia Lleidatana S.L Agroles","Dirección del operador: C/ Verge de Montserrat, 29 25400 Les Borges Blanques, Les Garrigues (Lleida) España","Lugar de procedencia del alimento: D.O.P Módena","Cantidad Neta: 500,0 Mililitros","Otras menciones obligatorias en la etiqueta: Acidez superior a 6°C."],"ingredients":[" Vinagre de vino 69%, concentrado de mosto de uva 29%, caramelo(E150d) 2%. Sulfitos."],"conservation":" Conservar en lugar fresco y seco sin cambios bruscos de temperatura y no exponerlo a la radiación solar. Temperatura ideal de conservación entre 4°C y 30°C.","ean":"8413511087569"},{"full_name":"CARBONELL crema de vinagre balsámico envase 275 ml","name":"crema de vinagre balsámico envase 275 ml","brand":"CARBONELL ","img":"https://sgfm.elcorteingles.es/SGFM/dctm/MEDIA02/CONTENIDOS/201512/17/00120904400098____1__600x600.jpg","price":"3,85 €","price_unit":"(14 € / Litro)","categories":["Supermercado","Alimentación General","Vinagres","Vinagre de Módena","CARBONELL crema de vinagre balsámico envase 275 ml"],"general_information":["Denominación del alimento: Crema De Vinagre Balsamico De Modena","País de origen: España","Nombre del operador: Deoleo S.A.","Dirección del operador: Ctra. N.IV. Km.388-14610 Alcolea (Córdoba)","Cantidad Neta: 275 Mililitros"],"ingredients":[" Vinagre balsamico de Modena (45%) (vinagre de vino (sulfitos). Mosto de uva concentrado, colorante: caramelo (sulfitos), agua, azucar, almindon modificado de maiz, colorante: caramelo (sulfitos). Conservante: metabisulfito potasico. Puede contener trazas de huevo y mostaza."],"conservation":" Mantener en lugar fresco y seco.","ean":"8410010861096"},{"full_name":"MEDICI vinagre balsámico de Módena botella 500 ml","name":"vinagre balsámico de Módena botella 500 ml","brand":"MEDICI ","img":"https://sgfm.elcorteingles.es/SGFM/00/07/4/0120904300074/0120904300074000g01011.jpg","price":"4,55 €","price_unit":"(9,10 € / Litro)","categories":["Supermercado","Alimentación General","Vinagres","Vinagre de Módena","MEDICI vinagre balsámico de Módena botella 500 ml"],"general_information":["Denominación del alimento: Vinagre Balsámico de Módena (Aceto Balsamico di Modena IGP)","Nombre del operador: VELDIS, S.A.","Dirección del operador: Calle Puerto de Navacerrada, 59. 28935 Móstoles (Madrid)","Cantidad Neta: 500 Mililitros","Otras menciones obligatorias en la etiqueta: Acidez: 6%"],"ingredients":[" Vinagre de vino (contiene sulfitos), mosto de uva concentrado (contiene sulfitos), colorante: E150d (contiene sulfitos)."],"conservation":" Conservar en lugar fresco y seco.","ean":"0000080546726"},{"full_name":"MEDICI ERMETE crema vinagre balsámico de Módena botella 250 ml","name":"crema vinagre balsámico de Módena botella 250 ml","brand":"MEDICI ERMETE ","img":"https://sgfm.elcorteingles.es/SGFM/dctm/MEDIA02/CONTENIDOS/201502/09/00120904400262____1__600x600.jpg","price":"4,51 €","price_unit":"(18,04 € / Litro)","categories":["Supermercado","Alimentación General","Vinagres","Vinagre de Módena","MEDICI ERMETE crema vinagre balsámico de Módena botella 250 ml"],"general_information":["Denominación del alimento: Crema a base de Vinagre Balsámico de Módena IGP (Indicación Geográfica Protegida)","Nombre del operador: VELDIS, S.A.","Dirección del operador: C/Puerto de Navacerrada, 59, 28935 Móstoles (Madrid)","Cantidad Neta: 302 g"],"ingredients":[" Vinagre balsámico de Módena 60% (vinagre de vino, mosto de uva concentrado, colorante: E150d. Contiene sulfitos), mosto de uva cocido, jarabe de glucosa, almidón modificado."],"conservation":" Conservar en lugar fresco y seco.","ean":"8033971642254"},{"full_name":"FERRARINI aceto balsámico de Módena IGP botella 500 ml","name":"aceto balsámico de Módena IGP botella 500 ml","brand":"FERRARINI ","img":"https://sgfm.elcorteingles.es/SGFM/dctm/MEDIA02/CONTENIDOS/201409/18/00120904300801____1__600x600.jpg","price":"6,05 €","price_unit":"(12,10 € / Litro)","categories":["Supermercado","Alimentación General","Vinagres","Vinagre de Módena","FERRARINI aceto balsámico de Módena IGP botella 500 ml"],"general_information":["Denominación del alimento: ACETO BALSÁMICO DE MODENA IGP 500 ml.","País de origen: Italia","Nombre del operador: FERRARINI ESPAÑA, S.L.","Dirección del operador: RONDA DE BUENAVISTA, 55 - CENTRO COMERCIAL MODULO 3 1ª PLANTA OF. 11 - 45005 TOLEDO","Lugar de procedencia del alimento: IGP ACETO BALSAMICO DE MODENA","Cantidad Neta: 500,0 Mililitros","Otras menciones obligatorias en la etiqueta: Alérgenos presentes: El producto contiene sulfitos. Acidez 6%"],"ingredients":[" Vinagre  de vino, mosto de uva cocido, caramelo E150d."],"conservation":" Temperatura ambiente.","ean":"8008706038039"},{"full_name":"FERRARINI aceto balsámico de Módena IGP botella 250 ml","name":"aceto balsámico de Módena IGP botella 250 ml","brand":"FERRARINI ","img":"https://sgfm.elcorteingles.es/SGFM/dctm/MEDIA02/CONTENIDOS/201504/20/00120904300785____2__600x600.jpg","price":"6,05 €","price_unit":"(24,20 € / Litro)","categories":["Supermercado","Alimentación General","Vinagres","Vinagre de Módena","FERRARINI aceto balsámico de Módena IGP botella 250 ml"],"general_information":["Denominación del alimento: ACETO BALSAMICO DE MODENA IGP 250 ml.","País de origen: Italia","Nombre del operador: FERRARINI ESPAÑA, S.L.","Dirección del operador: RONDA DE BUENAVISTA, 55 - CENTRO COMERCIAL MODULO 3 1ª PLANTA OF. 11 - 45005 TOLEDO","Lugar de procedencia del alimento: IGP ACETO BALSAMICO DE MODENA","Cantidad Neta: 250 Mililitros","Otras menciones obligatorias en la etiqueta: Alérgenos presentes: El producto contiene sulfitos. Acidez 6%"],"ingredients":[" Vinagre  de vino, mosto de uva cocido, caramelo E150d."],"conservation":" Temperatura ambiente.","ean":"8008706008575"},{"full_name":"FERRARINI aceto balsámico de Módena IGP botella 250 ml","name":"aceto balsámico de Módena IGP botella 250 ml","brand":"FERRARINI ","img":"https://sgfm.elcorteingles.es/SGFM/dctm/MEDIA02/CONTENIDOS/201504/20/00120904300793____2__600x600.jpg","price":"6,97 €","price_unit":"(27,88 € / Litro)","categories":["Supermercado","Alimentación General","Vinagres","Vinagre de Módena","FERRARINI aceto balsámico de Módena IGP botella 250 ml"],"general_information":["Denominación del alimento: ACETO BALSÁMICO MODENA IGP SELECCIÓN 250 ml.","País de origen: Italia","Nombre del operador: FERRARINI ESPAÑA, S.L.","Dirección del operador: RONDA DE BUENAVISTA, 55 - CENTRO COMERCIAL MODULO 3 1ª PLANTA OF. 11 - 45005 TOLEDO","Lugar de procedencia del alimento: IGP ACETO BALSAMICO DE MODENA","Cantidad Neta: 250,0 Mililitros","Otras menciones obligatorias en la etiqueta: Alérgenos presentes: El producto contiene sulfitos. Acidez 6%"],"ingredients":[" Vinagre  de vino, mosto de uva cocido, caramelo E150d."],"conservation":" Temperatura ambiente.","ean":"8008706085705"},{"full_name":"FERRARINI crema de aceto balsámico de Módena botella 250 ml","name":"crema de aceto balsámico de Módena botella 250 ml","brand":"FERRARINI ","img":"https://sgfm.elcorteingles.es/SGFM//00/82/7/0120904300827/0120904300827000g01011.jpg","price":"6,23 €","price_unit":"(24,92 € / Litro)","categories":["Supermercado","Alimentación General","Vinagres","Vinagre de Módena","FERRARINI crema de aceto balsámico de Módena botella 250 ml"],"general_information":["Denominación del alimento: CREMA AL ACETO BALSAMICO DE MODENA 250 ml.","País de origen: Italia","Nombre del operador: FERRARINI ESPAÑA, S.L.","Dirección del operador: RONDA DE BUENAVISTA, 55 - CENTRO COMERCIAL MODULO 3 1ª PLANTA OF. 11 - 45005 TOLEDO","Cantidad Neta: 250 Mililitros","Otras menciones obligatorias en la etiqueta: Alérgenos presentes: El producto contiene sulfitos."],"ingredients":[" Mosto de  uva cocido, vinagre balsámico de Módena IGP (39%) (vinagre de vino, mosto de  uva cocido, caramelo), azúcar, almidón de maíz modificado."],"conservation":" Temperatura ambiente.","ean":"8008706085774"},{"full_name":"FERRARINI Glassa aceto balsámico de Modena IGP Invecchiato botella 250 ml","name":"Glassa aceto balsámico de Modena IGP Invecchiato botella 250 ml","brand":"FERRARINI ","img":"https://sgfm.elcorteingles.es/SGFM/dctm/MEDIA03/201705/19/00120904301049____5__600x600.jpg","price":"6,45 €","price_unit":"(25,80 € / Litro)","categories":["Supermercado","Alimentación General","Vinagres","Vinagre de Módena","FERRARINI Glassa aceto balsámico de Modena IGP Invecchiato botella 250 ml"],"general_information":["Denominación del alimento: GLASSA AL ACETO BALSAMICO DE MODENA IGP ENVEJECIDO 250 ml.","País de origen: Italia","Nombre del operador: FERRARINI ESPAÑA, S.L.","Dirección del operador: RONDA DE BUENAVISTA, 55 - CENTRO COMERCIAL MODULO 3 1ª PLANTA OF. 11 - 45005 TOLEDO","Cantidad Neta: 250 Mililitros","Otras menciones obligatorias en la etiqueta: Alérgenos presentes: El producto contiene sulfitos."],"ingredients":[" Mosto de uva cocido, vinagre balsámico de Módena IGP (39%) (vinagre devino, mosto de uva cocido, caramelo), azúcar, almidón de maíz modificado."],"conservation":" Temperatura ambiente.","ean":"8008706162758"},{"full_name":"FINI aceto balsámico de modena I.G.P. botella 500 ml","name":"aceto balsámico de modena I.G.P. botella 500 ml","brand":"FINI ","img":"https://sgfm.elcorteingles.es/SGFM/dctm/MEDIA03/201607/13/00120904400353____1__600x600.jpg","price":"4,95 €","price_unit":"(9,90 € / Litro)","categories":["Supermercado","Alimentación General","Vinagres","Vinagre de Módena","FINI aceto balsámico de modena I.G.P. botella 500 ml"],"general_information":["Denominación del alimento: FINI:GLASSA ACETO BALSAMICO MODENA 500ml","País de origen: Italia","Nombre del operador: Ofistrade S.A.","Dirección del operador: C/Buenos Aires 38-40, entlo. C - 08036 Barcelona","Lugar de procedencia del alimento: Italia","Cantidad Neta: 500 g"],"ingredients":[" Vinagre Balsámico de Módena (Min. 70% ?Aceto Balsamico Di Modena I.G.P?) (vinagre de vino, mosto de uva concentrado, colorante: caramelo (E150d)), jarabe de glucosa, azúcar, almidón modificado, estabilizador: goma xantana."],"conservation":" Consérvese en lugar fresco y seco.","ean":"8015352318996"},{"full_name":"FINI aceto balsámico de modena I.G.P. spray 250 ml","name":"aceto balsámico de modena I.G.P. spray 250 ml","brand":"FINI ","img":"https://sgfm.elcorteingles.es/SGFM/dctm/MEDIA03/201607/13/00120904300967____1__600x600.jpg","price":"4,23 €","price_unit":"(16,92 € / Litro)","categories":["Supermercado","Alimentación General","Vinagres","Vinagre de Módena","FINI aceto balsámico de modena I.G.P. spray 250 ml"],"general_information":["Denominación del alimento: FINI:ACETO BALSAMICO MODENA SPRAY 3F 250ml","País de origen: Italia","Nombre del operador: Ofistrade S.A.","Dirección del operador: C/Buenos Aires 38-40, entlo. C - 08036 Barcelona","Lugar de procedencia del alimento: Italia","Cantidad Neta: 250 g"],"ingredients":[" Vinagre de vino, mosto de uva concentrado, mosto de uva cocido, colorante: caramelo (E150d).  Acidez: 6%"],"conservation":" Consérvese en lugar fresco y seco.","ean":"8015352319078"},{"full_name":"ORTALLI vinagre balsámico de módena I.G.P. envase 500 ml","name":"vinagre balsámico de módena I.G.P. envase 500 ml","brand":"ORTALLI ","img":"https://sgfm.elcorteingles.es/SGFM/dctm/MEDIA03/201607/20/00120904301031____1__600x600.jpg","price":"4,35 €            ","price_unit":"(7,78 € / Litro)","categories":["Supermercado","Alimentación General","Vinagres","Vinagre de Módena","ORTALLI vinagre balsámico de módena I.G.P. envase 500 ml"],"general_information":["Denominación del alimento: Aceto Balsamico di Modena I.G.P. Cascina Palazzo","País de origen: Italia","Nombre del operador: Borges Branded Foods, SLU.","Dirección del operador: Avda. Josep Trepat, s/n 25300 Tárrega (Lérida).","Lugar de procedencia del alimento: Italia","Cantidad Neta: 500 Mililitros"],"ingredients":[" Vinagre de vino, mosto de uva concentrado, mosto de uva cocido, colorante E-150d. Contiene sulfitos"],"conservation":" Conservar a temperatura ambiente","ean":"8024267010017"},{"full_name":"EL CORTE INGLES vinagre de vino blanco botella 1 l","name":"vinagre de vino blanco botella 1 l","brand":"EL CORTE INGLES ","img":"https://sgfm.elcorteingles.es/SGFM/dctm/MEDIA03/201702/06/00120902000213____1__600x600.jpg","price":"0,51 €","price_unit":"(0,51 € / Litro)","categories":["Supermercado","Alimentación General","Vinagres","Vinagre de vino","EL CORTE INGLES vinagre de vino blanco botella 1 l"],"general_information":["Denominación del alimento: VINAGRE DE VINO BLANCO","Nombre del operador: Elaborado para El Corte Inglés\n por\n Vinagrerías Riojanas S.A.\nAvda. Mendavia, 8 \n26009 Logroño (La Rioja) España"],"ingredients":[" Ingredientes: Vinagre de vino blanco y antioxidante (dióxido de azufre)."],"conservation":" Conservar en lugar fresco y seco. \nDebido a su origen natural puede presentar turbidez.","ean":"8433329076326"},{"full_name":"EL CORTE INGLES vinagre de vino blanco botella botella 500 ml","name":"vinagre de vino blanco botella botella 500 ml","brand":"EL CORTE INGLES ","img":"https://sgfm.elcorteingles.es/SGFM/dctm/MEDIA03/201702/06/00120902000221____1__600x600.jpg","price":"0,39 €","price_unit":"(0,78 € / Litro)","categories":["Supermercado","Alimentación General","Vinagres","Vinagre de vino","EL CORTE INGLES vinagre de vino blanco botella botella 500 ml"],"general_information":["Denominación del alimento: VINAGRE DE VINO BLANCO","Nombre del operador: Elaborado para El Corte Inglés\n por\n Vinagrerías Riojanas S.A.\nAvda. Mendavia, 8 \n26009 Logroño (La Rioja) España"],"ingredients":[" Ingredientes: Vinagre de vino blanco y antioxidante (dióxido de azufre)."],"conservation":" Conservar en lugar fresco y seco. \nDebido a su origen natural puede presentar turbidez.","ean":"8433329076333"},{"full_name":"EL CORTE INGLES vinagre de vino tinto botella 1 l","name":"vinagre de vino tinto botella 1 l","brand":"EL CORTE INGLES ","img":"https://sgfm.elcorteingles.es/SGFM/dctm/MEDIA03/201702/06/00120902000239____1__600x600.jpg","price":"0,55 €","price_unit":"(0,55 € / Litro)","categories":["Supermercado","Alimentación General","Vinagres","Vinagre de vino","EL CORTE INGLES vinagre de vino tinto botella 1 l"],"general_information":["Denominación del alimento: VINAGRE DE VINO TINTO","Nombre del operador: Elaborado para El Corte Inglés\n por\n Vinagrerías Riojanas S.A.\nAvda. Mendavia, 8 \n26009 Logroño (La Rioja) España"],"ingredients":[" Ingredientes: Vinagre de vino tinto y antioxidante (dióxido de azufre)."],"conservation":" Conservar en lugar fresco y seco. \nDebido a su origen natural puede presentar turbidez.","ean":"8433329076340"},{"full_name":"EL CORTE INGLES vinagre de vino tinto botella 500 ml","name":"vinagre de vino tinto botella 500 ml","brand":"EL CORTE INGLES ","img":"https://sgfm.elcorteingles.es/SGFM/dctm/MEDIA03/201702/06/00120902000262____1__600x600.jpg","price":"0,39 €","price_unit":"(0,78 € / Litro)","categories":["Supermercado","Alimentación General","Vinagres","Vinagre de vino","EL CORTE INGLES vinagre de vino tinto botella 500 ml"],"general_information":["Denominación del alimento: VINAGRE DE VINO TINTO","Nombre del operador: Elaborado para El Corte Inglés\n por\n Vinagrerías Riojanas S.A.\nAvda. Mendavia, 8 \n26009 Logroño (La Rioja) España"],"ingredients":[" Ingredientes: Vinagre de vino tinto y antioxidante (dióxido de azufre)."],"conservation":" Conservar en lugar fresco y seco. \nDebido a su origen natural puede presentar turbidez.","ean":"8433329076357"},{"full_name":"EL CORTE INGLES vinagre de sidra botella 1 l","name":"vinagre de sidra botella 1 l","brand":"EL CORTE INGLES ","img":"https://sgfm.elcorteingles.es/SGFM/dctm/MEDIA03/201702/06/00120902000247____1__600x600.jpg","price":"0,79 €","price_unit":"(0,79 € / Litro)","categories":["Supermercado","Alimentación General","Vinagres","Vinagre de vino","EL CORTE INGLES vinagre de sidra botella 1 l"],"general_information":["Denominación del alimento: VINAGRE DE SIDRA","Nombre del operador: Elaborado para El Corte Inglés\n por\n Vinagrerías Riojanas S.A.\nAvda. Mendavia, 8 \n26009 Logroño (La Rioja) España"],"ingredients":[" Ingredientes: Vinagre de sidra y antioxidante (dióxido de azufre)."],"conservation":" Conservar en lugar fresco y seco. \nDebido a su origen natural puede presentar turbidez.","ean":"8433329076371"},{"full_name":"EL CORTE INGLES crema balsámica de Pedro Ximénez botella 250 ml","name":"crema balsámica de Pedro Ximénez botella 250 ml","brand":"EL CORTE INGLES ","img":"https://sgfm.elcorteingles.es/SGFM/dctm/MEDIA03/201702/13/00120904400429____1__600x600.jpg","price":"2,25 €","price_unit":"(9 € / Litro)","categories":["Supermercado","Alimentación General","Vinagres","Vinagre de vino","EL CORTE INGLES crema balsámica de Pedro Ximénez botella 250 ml"],"general_information":["Denominación del alimento: CREMA BALSÁMICA DE VINAGRE DE PEDRO XIMÉNEZ","Nombre del operador: Elaborado para El Corte Inglés\n por\n Vinagrerías Riojanas S.A.\nAvda. Mendavia, 8 \n26009 Logroño (La Rioja) España","Número de raciones por envase: aprox. 16"],"ingredients":[" Ingredientes: Vinagre de Pedro Ximenez (37%)(sulfitos), mosto concentrado de uva, jarabe de glucosa-fructosa, agua, colorante caramelo E150d, almidón modificado de maíz y espesante (goma xantana)."],"conservation":" Conservar en lugar fresco y seco, a temperatura no superior a 30ºC y no exponer directamente a la luz solar. Una vez abierto conservar en frigorífico.","ean":"8433329076401"},{"full_name":"EL CORTE INGLES vinagre de vino al estragón botella 250 ml","name":"vinagre de vino al estragón botella 250 ml","brand":"EL CORTE INGLES ","img":"https://sgfm.elcorteingles.es/SGFM/dctm/MEDIA03/201702/06/00120904301155____1__600x600.jpg","price":"1,69 €","price_unit":"(6,76 € / Litro)","categories":["Supermercado","Alimentación General","Vinagres","Vinagre de vino","EL CORTE INGLES vinagre de vino al estragón botella 250 ml"],"general_information":["Denominación del alimento: VINAGRE DE VINO AROMATIZADO AL ESTRAGÓN","Nombre del operador: Elaborado para El Corte Inglés\n por\n Vinagrerías Riojanas S.A.\nAvda. Mendavia, 8 \n26009 Logroño (La Rioja) España"],"ingredients":[" Ingredientes: Vinagre de vino, aroma de estragón y antioxidante (dióxido de azufre)."],"conservation":" Conservar en lugar fresco y seco. \nDebido a su origen natural puede presentar turbidez.","ean":"8433329075114"},{"full_name":"EL CORTE INGLES vinagre de vino a la frambuesa botella 250 ml","name":"vinagre de vino a la frambuesa botella 250 ml","brand":"EL CORTE INGLES ","img":"https://sgfm.elcorteingles.es/SGFM/dctm/MEDIA03/201702/06/00120904301163____1__600x600.jpg","price":"1,69 €","price_unit":"(6,76 € / Litro)","categories":["Supermercado","Alimentación General","Vinagres","Vinagre de vino","EL CORTE INGLES vinagre de vino a la frambuesa botella 250 ml"],"general_information":["Denominación del alimento: VINAGRE DE VINO AROMATIZADO A LA FRAMBUESA","Nombre del operador: Elaborado para El Corte Inglés\n por\n Vinagrerías Riojanas S.A.\nAvda. Mendavia, 8 \n26009 Logroño (La Rioja) España"],"ingredients":[" Ingredientes: Vinagre de vino, aroma de frambuesa y antioxidante (dióxido de azufre)."],"conservation":" Conservar en lugar fresco y seco. \nDebido a su origen natural puede presentar turbidez.","ean":"8433329075152"},{"full_name":"EL CORTE INGLES vinagre de vino a los 4 aromas botella 250 ml","name":"vinagre de vino a los 4 aromas botella 250 ml","brand":"EL CORTE INGLES ","img":"https://sgfm.elcorteingles.es/SGFM/dctm/MEDIA03/201702/06/00120904301148____1__600x600.jpg","price":"1,69 €","price_unit":"(6,76 € / Litro)","categories":["Supermercado","Alimentación General","Vinagres","Vinagre de vino","EL CORTE INGLES vinagre de vino a los 4 aromas botella 250 ml"],"general_information":["Denominación del alimento: VINAGRE DE VINO AROMATIZADO\n A LOS 4 AROMAS","Nombre del operador: Elaborado para El Corte Inglés\n por\n Vinagrerías Riojanas S.A.\nAvda. Mendavia, 8 \n26009 Logroño (La Rioja) España"],"ingredients":[" Vinagre de vino, aroma de laurel, aroma de perejil, aroma de tomillo, aroma de ajo y antioxidante (dióxido de azufre)."],"conservation":" Conservar en lugar fresco y seco. \nDebido a su origen natural puede presentar turbidez.","ean":"8433329075121"},{"full_name":"EL CORTE INGLES vinagre de vino de La Rioja botella 250 ml","name":"vinagre de vino de La Rioja botella 250 ml","brand":"EL CORTE INGLES ","img":"https://sgfm.elcorteingles.es/SGFM/dctm/MEDIA03/201702/06/00120904301171____1__600x600.jpg","price":"1,75 €","price_unit":"(7 € / Litro)","categories":["Supermercado","Alimentación General","Vinagres","Vinagre de vino","EL CORTE INGLES vinagre de vino de La Rioja botella 250 ml"],"general_information":["Denominación del alimento: VINAGRE DE VINO","Nombre del operador: Elaborado para El Corte Inglés\n por\n Vinagrerías Riojanas S.A.\nAvda. Mendavia, 8 \n26009 Logroño (La Rioja) España"],"ingredients":[" Ingredientes: Vinagre de vino y antioxidante (dióxido de azufre)."],"conservation":" Conservar en lugar fresco y seco. \nDebido a su origen natural puede presentar turbidez.","ean":"8433329075138"},{"full_name":"EL CORTE INGLES vinagre de vino Albariño al limón botella 250 ml","name":"vinagre de vino Albariño al limón botella 250 ml","brand":"EL CORTE INGLES ","img":"https://sgfm.elcorteingles.es/SGFM/dctm/MEDIA03/201702/06/00120904301130____1__600x600.jpg","price":"1,69 €","price_unit":"(6,76 € / Litro)","categories":["Supermercado","Alimentación General","Vinagres","Vinagre de vino","EL CORTE INGLES vinagre de vino Albariño al limón botella 250 ml"],"general_information":["Denominación del alimento: VINAGRE DE VINO ALBARIÑO AROMATIZADO AL LIMÓN","Nombre del operador: Elaborado para El Corte Inglés\n por\n Vinagrerías Riojanas S.A.\nAvda. Mendavia, 8 \n26009 Logroño (La Rioja) España"],"ingredients":[" Ingredientes: Vinagre de vino, aroma de limón y antioxidante (dióxido de azufre)."],"conservation":" Conservar en lugar fresco y seco. \nDebido a su origen natural puede presentar turbidez.","ean":"8433329075107"},{"full_name":"CARBONELL crema de vinagre Pedro Ximénez envase 275 ml","name":"crema de vinagre Pedro Ximénez envase 275 ml","brand":"CARBONELL ","img":"https://sgfm.elcorteingles.es/SGFM/dctm/MEDIA02/CONTENIDOS/201512/17/00120904400080____1__600x600.jpg","price":"3,85 €","price_unit":"(14 € / Litro)","categories":["Supermercado","Alimentación General","Vinagres","Vinagre de vino","CARBONELL crema de vinagre Pedro Ximénez envase 275 ml"],"general_information":["Denominación del alimento: Crema De Vinagre Pedro Ximenez","País de origen: España","Nombre del operador: Deoleo S.A.","Dirección del operador: Ctra. N.IV. Km.388-14610 Alcolea (Córdoba)","Cantidad Neta: 275 Mililitros"],"ingredients":[" Vinagre de vino Pedro Ximenez (45%) (vinagre de vino (sulfitos), mosto de uva concentrado, colorante: caramelo (sulfitos), agua, azucar, almindon modificado de maiz, colorante: caramelo (sulfitos), Conservante: metabisulfito potasico. Puede contener trazas de huevo y mostaza."],"conservation":" Mantener en lugar fresco y seco.","ean":"8410010861119"},{"full_name":"CARBONELL PROCER vinagre de vino blanco botella 1 l","name":"PROCER vinagre de vino blanco botella 1 l","brand":"CARBONELL ","img":"https://sgfm.elcorteingles.es/SGFM/dctm/MEDIA03/201604/25/00120902000098____1__600x600.jpg","price":"0,98 €","price_unit":"(0,98 € / Litro)","categories":["Supermercado","Alimentación General","Vinagres","Vinagre de vino","CARBONELL PROCER vinagre de vino blanco botella 1 l"],"general_information":["Denominación del alimento: Vinagre De Vino Blanco","País de origen: España","Nombre del operador: Deoleo S.A.","Dirección del operador: Ctra. N.IV. Km.338-14610 Alcolea (Córdoba)","Cantidad Neta: 1000 Mililitros"],"ingredients":[" Vinagre de vino, antioxidante E-220 (sulfitos)."],"conservation":" Mantener en lugar fresco y seco.","ean":"8410010001256"},{"full_name":"LOUIT vinagre balsámico blanco botella 250 ml","name":"vinagre balsámico blanco botella 250 ml","brand":"LOUIT ","img":"https://sgfm.elcorteingles.es/SGFM/dctm/MEDIA02/CONTENIDOS/201512/17/00120904300595____1__600x600.jpg","price":"2,04 €            ","price_unit":"(4 € / Litro)","categories":["Supermercado","Alimentación General","Vinagres","Vinagre de vino","LOUIT vinagre balsámico blanco botella 250 ml"],"general_information":["Denominación del alimento: Vinagre Balsamico Blanco","País de origen: España","Nombre del operador: Deoleo S.A.","Dirección del operador: Ctra. N.IV. Km.388-14610 Alcolea (Córdoba)","Cantidad Neta: 250 Mililitros"],"ingredients":[" Vinagre de vino blanco (sulfitos), mosto de uva concentrado, antioxidante (dioxido de azufre)."],"conservation":" Mantener en lugar fresco y seco.","ean":"8410010860907"},{"full_name":"LOUIT vinagre de vino con estragón botella 250 ml","name":"vinagre de vino con estragón botella 250 ml","brand":"LOUIT ","img":"https://sgfm.elcorteingles.es/SGFM/dctm/MEDIA02/CONTENIDOS/201512/17/00120904300629____1__600x600.jpg","price":"2,04 €            ","price_unit":"(4 € / Litro)","categories":["Supermercado","Alimentación General","Vinagres","Vinagre de vino","LOUIT vinagre de vino con estragón botella 250 ml"],"general_information":["Denominación del alimento: Vinagre De Vino","País de origen: España","Nombre del operador: Deoleo S.A.","Dirección del operador: Ctra. N.IV. Km.388-14610 Alcolea (Córdoba)","Cantidad Neta: 250 Mililitros"],"ingredients":[" Vinagre de vino (sulfitos), aroma natural de estragon, antioxidante (dioxido de azufre)."],"conservation":" Mantener en lugar fresco y seco.","ean":"8410010861577"},{"full_name":"BORGES vinagre de vino tinto botella 1 l","name":"vinagre de vino tinto botella 1 l","brand":"BORGES ","img":"https://sgfm.elcorteingles.es/SGFM/dctm/MEDIA03/201702/21/00120902000163____6__600x600.jpg","price":"1,10 €","price_unit":"(1,10 € / Litro)","categories":["Supermercado","Alimentación General","Vinagres","Vinagre de vino","BORGES vinagre de vino tinto botella 1 l"],"general_information":["Denominación del alimento: Vinagre de vino tinto.","País de origen: España","Nombre del operador: Borges Branded Foods, SLU.","Dirección del operador: Avda. Josep Trepat, s/n 25300 Tárrega (Lérida).","Lugar de procedencia del alimento: España","Cantidad Neta: 1000 Mililitros"],"ingredients":[" Vinagre de vino tinto y conservador metabisulfito potásico."],"conservation":" Conservar a temperatura ambiente.","ean":"8410179302003"},{"full_name":"BORGES crema balsámica de Pedro Ximénez envase 250 g","name":"crema balsámica de Pedro Ximénez envase 250 g","brand":"BORGES ","img":"https://sgfm.elcorteingles.es/SGFM/dctm/MEDIA03/201609/16/00120904400361____1__600x600.jpg","price":"3,25 €","price_unit":"(13 € / Kilo)","categories":["Supermercado","Alimentación General","Vinagres","Vinagre de vino","BORGES crema balsámica de Pedro Ximénez envase 250 g"],"general_information":["Denominación del alimento: Crema a base de vino Pedro Ximénez.","País de origen: España","Nombre del operador: Borges Branded Foods, SLU.","Dirección del operador: Avda. Josep Trepat, s/n 25300 Tárrega (Lérida).","Lugar de procedencia del alimento: España","Cantidad Neta: 250 g"],"ingredients":[" Jarabe de azúcar invertido, vinagre de vino blanco (vinagre de vino blanco, conservador: metabisulfito potásico ), vino dulce Pedro Ximénez D.O. Montilla-Moriles (10%) (vino dulce  conservador: metabisulfito potásico), almidón modificado, espesante: goma xantana, colorante:  E-150d y conservador: metabisulfito potásico. Contiene sulfitos."],"conservation":" Conservar en lugar fresco y proteger de la luz y calor directos, antes y una vez abierto el envase.","ean":"8410179012643"},{"full_name":"LA FLOR DEL CONDADO Reserva vinagre de vino del Condado de Huelva Denominación de Origen Protegida botella 250 ml","name":"Reserva vinagre de vino del Condado de Huelva Denominación de Origen Protegida botella 250 ml","brand":"LA FLOR DEL CONDADO ","img":"https://sgfm.elcorteingles.es/SGFM/dctm/MEDIA03/201707/14/00120904301106____1__600x600.jpg","price":"2,50 €","price_unit":"(10 € / Litro)","categories":["Supermercado","Alimentación General","Vinagres","Vinagre de vino","LA FLOR DEL CONDADO Reserva vinagre de vino del Condado de Huelva Denominación de Origen Protegida botella 250 ml"],"general_information":[],"ingredients":[],"ean":"8421352008087"},{"full_name":"EL GUISO reducción de vino Pedro Ximénez envase 250 ml","name":"reducción de vino Pedro Ximénez envase 250 ml","brand":"EL GUISO ","img":"https://sgfm.elcorteingles.es/SGFM/00/18/9/0120904400189/0120904400189000g01011.jpg","price":"4,62 €","price_unit":"(18,48 € / Kilo)","categories":["Supermercado","Alimentación General","Vinagres","Vinagre de vino","EL GUISO reducción de vino Pedro Ximénez envase 250 ml"],"general_information":["Denominación del alimento: Reducción de Vino Pedro Ximénez","Nombre del operador: Rodriguez Chiachio SL","Dirección del operador: Calle de Belén, 2 - 14940 Cabra (Córdoba).","Cantidad Neta: 310 g"],"ingredients":[" Arrope de mosto, arrope de mosto de uva y almidón. Contiene sulfitos."],"conservation":" Mantener fresco. No refrigerado.","ean":"8413669000021"},{"full_name":"EL GUISO reducción de vinagre balsámico Pedro Ximénez botella 250 ml","name":"reducción de vinagre balsámico Pedro Ximénez botella 250 ml","brand":"EL GUISO ","img":"https://sgfm.elcorteingles.es/SGFM/00/19/7/0120904400197/0120904400197000g01011.jpg","price":"3,99 €","price_unit":"(15,96 € / Litro)","categories":["Supermercado","Alimentación General","Vinagres","Vinagre de vino","EL GUISO reducción de vinagre balsámico Pedro Ximénez botella 250 ml"],"general_information":["Denominación del alimento: Reducción de Vinagre Balsámico al Pedro Ximénez","Nombre del operador: Rodriguez Chiachio SL","Dirección del operador: Calle de Belén, 2 - 14940 Cabra (Córdoba).","Cantidad Neta: 310 g"],"ingredients":[" Vinagre Balsámico, arrope de mosto, arrope de mosto de uva y almidón. Contiene sulfitos."],"conservation":" Mantener fresco. No refrigerado.","ean":"8413669000014"},{"full_name":"MAEVA vinagre balsámico spray 200 ml","name":"vinagre balsámico spray 200 ml","brand":"MAEVA ","img":"https://sgfm.elcorteingles.es/SGFM/dctm/MEDIA02/CONTENIDOS/201409/03/00120904300876____1__600x600.jpg","price":"2,28 €","price_unit":"(11,40 € / Litro)","categories":["Supermercado","Alimentación General","Vinagres","Vinagre de vino","MAEVA vinagre balsámico spray 200 ml"],"general_information":["Denominación del alimento: VINAGRE BALSÁMICO","Nombre del operador: ACEITES MAEVA","Dirección del operador: PARQUE METROPOLITANO AVENIDA DE INCAR,8 18130 ESCÚZAR,GRANADA, ESPAÑA","Cantidad Neta: 200 Mililitros"],"ingredients":[" 100% VINAGRE"],"ean":"8412498001506"},{"full_name":"LA CUISINE ORGANIC vinagre al Pedro Ximénez ecológico botella 250 ml","name":"vinagre al Pedro Ximénez ecológico botella 250 ml","brand":"LA CUISINE ORGANIC ","img":"https://sgfm.elcorteingles.es/SGFM/dctm/MEDIA03/201710/26/00120904301320____1__600x600.jpg","price":"3,39 €","price_unit":"(13,56 € / Litro)","categories":["Supermercado","Alimentación General","Vinagres","Vinagre de vino","LA CUISINE ORGANIC vinagre al Pedro Ximénez ecológico botella 250 ml"],"general_information":["Denominación del alimento: Vinagre balsámico al Pedro Ximénez orgánico","Nombre del operador: La Amarilla de Ronda S.A","Dirección del operador: C/ Velázquez 53 6º 28001 (Madrid) España","Cantidad Neta: 250 Mililitros"],"ingredients":[" Vinagre balsámico al Pedro Ximénez orgánico."],"conservation":" Conservar en frío, ambiente seco y protegido de la luz.","ean":"8437005613195"},{"full_name":"PONTI condimento balsámico bianco de vinagre de vino y mosto de uva botella 250 ml","name":"condimento balsámico bianco de vinagre de vino y mosto de uva botella 250 ml","brand":"PONTI ","img":"https://sgfm.elcorteingles.es/SGFM/dctm/MEDIA02/CONTENIDOS/201407/21/00120904300645____1__600x600.jpg","price":"2,19 €","price_unit":"(8,76 € / Litro)","categories":["Supermercado","Alimentación General","Vinagres","Vinagre de vino","PONTI condimento balsámico bianco de vinagre de vino y mosto de uva botella 250 ml"],"general_information":["Denominación del alimento: Vinagre de vino","País de origen: Italia","Nombre del operador: Ponti S.p.A.","Dirección del operador: Via E. Ferrari 7- 28074 GHEMME (NO)","Cantidad Neta: 250,0 Mililitros","Otras menciones obligatorias en la etiqueta: Producido en Italia; Contiene sulfitos"],"ingredients":[" Vinagre de vino blanco, mosto de uva y antioxidante E-224"],"conservation":" La sedimentación o enturbamiento del producto no afectan en absoluto a su calidad.","ean":"8001010072300"},{"full_name":"ORTALLI vinagre balsámico de vino blanco spray 250 ml","name":"vinagre balsámico de vino blanco spray 250 ml","brand":"ORTALLI ","img":"https://sgfm.elcorteingles.es/SGFM/dctm/MEDIA03/201609/16/00120904301015____1__600x600.jpg","price":"2,95 €            ","price_unit":"(10,60 € / Litro)","categories":["Supermercado","Alimentación General","Vinagres","Vinagre de vino","ORTALLI vinagre balsámico de vino blanco spray 250 ml"],"general_information":["Denominación del alimento: Condimento Bianco Spray","País de origen: Italia","Nombre del operador: Borges Branded Foods, SLU.","Dirección del operador: Avda. Josep Trepat, s/n 25300 Tárrega (Lérida).","Lugar de procedencia del alimento: Italia","Cantidad Neta: 250 Mililitros"],"ingredients":[" Vinagre de vino, mosto de uva concentrado, mosto de uva concentrado, antioxidante E224. Contiene sulfitos"],"conservation":" Conservar a temperatura ambiente","ean":"8024267070196"},{"full_name":"PRADA A TOPE vinagre de vino tinto de Canedo botella 70 cl","name":"vinagre de vino tinto de Canedo botella 70 cl","brand":"PRADA A TOPE ","img":"https://sgfm.elcorteingles.es/SGFM/00/52/0/0120904300520/0120904300520000g01011.jpg","price":"3,30 €","price_unit":"(4,71 € / Litro)","categories":["Supermercado","Alimentación General","Vinagres","Vinagre de vino","PRADA A TOPE vinagre de vino tinto de Canedo botella 70 cl"],"general_information":[],"ingredients":[],"ean":"8436007120359"},{"full_name":"EL GUISO vinagre de vino balsámico al Pedro Ximénez D.O. Montilla Moriles botella 250 ml","name":"vinagre de vino balsámico al Pedro Ximénez D.O. Montilla Moriles botella 250 ml","brand":"EL GUISO ","img":"https://sgfm.elcorteingles.es/SGFM/dctm/MEDIA03/201603/23/00120904300926____1__600x600.jpg","price":"3,01 €","price_unit":"(12,04 € / Litro)","categories":["Supermercado","Alimentación General","Vinagres","Vinagre de vino","EL GUISO vinagre de vino balsámico al Pedro Ximénez D.O. Montilla Moriles botella 250 ml"],"general_information":[],"ingredients":[],"ean":"8413669100516"},{"full_name":"EL CORTE INGLES vinagre de Jerez Reserva botella 750 cl","name":"vinagre de Jerez Reserva botella 750 cl","brand":"EL CORTE INGLES ","img":"https://sgfm.elcorteingles.es/SGFM/dctm/MEDIA03/201703/16/00120904301122____6__600x600.jpg","price":"3,18 €","price_unit":"(4,24 € / Litro)","categories":["Supermercado","Alimentación General","Vinagres","Vinagre de Jerez","EL CORTE INGLES vinagre de Jerez Reserva botella 750 cl"],"general_information":["Denominación del alimento: VINAGRE DE JEREZ","Nombre del operador: Elaborado para El Corte Inglés\npor Bodegas Páez Morilla, S.A. Ctra. De Cartuja, Km. 2,250\n11406 Jerez de la Frontera (Cádiz)\nEspaña"],"ingredients":[" Ingredientes: Vinagre de Jerez, colorante (E 150d)  y antioxidante (E 224).\nContiene sulfitos"],"ean":"8433329054645"},{"full_name":"EL CORTE INGLES vinagre de Jerez Reserva botella 250 ml","name":"vinagre de Jerez Reserva botella 250 ml","brand":"EL CORTE INGLES ","img":"https://sgfm.elcorteingles.es/SGFM/dctm/MEDIA03/201703/28/00120904300314____6__600x600.jpg","price":"2,95 €","price_unit":"(11,80 € / Litro)","categories":["Supermercado","Alimentación General","Vinagres","Vinagre de Jerez","EL CORTE INGLES vinagre de Jerez Reserva botella 250 ml"],"general_information":["Denominación del alimento: VINAGRE DE JEREZ\nRESERVA","Nombre del operador: Elaborado para El Corte Inglés\npor Bodegas Páez Morilla, S.A. Ctra. De Cartuja, Km. 2,250\n11406 Jerez de la Frontera (Cádiz)\nEspaña"],"ingredients":[" Ingredientes: Vinagre de Jerez reserva y colorante E 150d .\nContiene sulfitos"],"ean":"8433329054652"},{"full_name":"EL CORTE INGLES viangre de Jerez Reserva Selección botella 250 ml","name":"viangre de Jerez Reserva Selección botella 250 ml","brand":"EL CORTE INGLES ","img":"https://sgfm.elcorteingles.es/SGFM/dctm/MEDIA03/201703/28/00120904301114____1__600x600.jpg","price":"1,71 €","price_unit":"(6,84 € / Litro)","categories":["Supermercado","Alimentación General","Vinagres","Vinagre de Jerez","EL CORTE INGLES viangre de Jerez Reserva Selección botella 250 ml"],"general_information":["Denominación del alimento: VINAGRE DE JEREZ\nRESERVA","Nombre del operador: Elaborado para El Corte Inglés\npor Bodegas Páez Morilla, S.A. Ctra. De Cartuja, Km. 2,250\n11406 Jerez de la Frontera (Cádiz)\nEspaña"],"ingredients":[" Ingredientes: Vinagre de Jerez reserva, colorante (E 150d) y antioxidante (E 224).\nContiene sulfitos"],"ean":"8433329074803"},{"full_name":"EL CORTE INGLES vinagre de Jerez Pedro Ximénez botella 250 ml","name":"vinagre de Jerez Pedro Ximénez botella 250 ml","brand":"EL CORTE INGLES ","img":"https://sgfm.elcorteingles.es/SGFM/dctm/MEDIA03/201703/16/00120904300306____1__600x600.jpg","price":"2,86 €","price_unit":"(11,44 € / Litro)","categories":["Supermercado","Alimentación General","Vinagres","Vinagre de Jerez","EL CORTE INGLES vinagre de Jerez Pedro Ximénez botella 250 ml"],"general_information":["Denominación del alimento: VINAGRE DE JEREZ RESERVA\nAL PEDRO XIMÉNEZ","Nombre del operador: Elaborado para El Corte Inglés\npor Bodegas Páez Morilla, S.A. Ctra. De Cartuja, Km. 2,250\n11406 Jerez de la Frontera (Cádiz)\nEspaña"],"ingredients":[" Ingredientes: Vinagre de Jerez Reserva al Pedro Ximénez, vino Pedro Ximénez  y colorante (E150d).\nContiene sulfitos."],"ean":"8433329054669"},{"full_name":"SANCHEZ ROMATE vinagre de Jerez botella 375 cc","name":"vinagre de Jerez botella 375 cc","brand":"SANCHEZ ROMATE ","img":"https://sgfm.elcorteingles.es/SGFM/00/38/9/0120904300389/0120904300389000g01011.jpg","price":"2,07 €","price_unit":"(5,52 € / Litro)","categories":["Supermercado","Alimentación General","Vinagres","Vinagre de Jerez","SANCHEZ ROMATE vinagre de Jerez botella 375 cc"],"general_information":["Denominación del alimento: Vinagre","Nombre del operador: Sánchez Romate Hnos, S.A.","Dirección del operador: C/ Leales, 26 -11404 Jerez (Cádiz)","Lugar de procedencia del alimento: DO. Vinagre de Jerez","Cantidad Neta: 380.5 g","Otras menciones obligatorias en la etiqueta: Contiene Sulfitos"],"ingredients":[],"conservation":" Conservar en lugar fresco y seco.","ean":"8410161003024"},{"full_name":"GRAN GUSTO vinagre de vino de Jerez botella 750 ml","name":"vinagre de vino de Jerez botella 750 ml","brand":"GRAN GUSTO ","img":"https://sgfm.elcorteingles.es/SGFM/dctm/MEDIA03/201706/09/00120904300066____1__600x600.jpg","price":"3,49 €","price_unit":"(4,65 € / Litro)","categories":["Supermercado","Alimentación General","Vinagres","Vinagre de Jerez","GRAN GUSTO vinagre de vino de Jerez botella 750 ml"],"general_information":["Denominación del alimento: Vinagre de Jerez","Nombre del operador: Bodegas Paez Morilla, S.A.","Dirección del operador: Av. Medina Sidonia 20, 11403 Jerez de la Frontera (Cádiz)","Lugar de procedencia del alimento: D.O. Vinagre de Jerez","Cantidad Neta: 750,0 Mililitros"],"ingredients":[" Contiene sulfitos."],"conservation":" Conservese en lugar fresco y seco","ean":"8411587486118"},{"full_name":"PRIMA vinagre de Jerez Reserva D.O.P. botella 750 ml","name":"vinagre de Jerez Reserva D.O.P. botella 750 ml","brand":"PRIMA ","img":"https://sgfm.elcorteingles.es/SGFM/dctm/MEDIA03/201706/07/00120904300942____2__600x600.jpg","price":"5,51 €","price_unit":"(7,35 € / Litro)","categories":["Supermercado","Alimentación General","Vinagres","Vinagre de Jerez","PRIMA vinagre de Jerez Reserva D.O.P. botella 750 ml"],"general_information":[],"ingredients":[],"ean":"8410118043776"},{"full_name":"COOSUR Selección Especial vinagre de Jerez botella 250 ml","name":"Selección Especial vinagre de Jerez botella 250 ml","brand":"COOSUR ","img":"https://sgfm.elcorteingles.es/SGFM//00/76/9/0120904300769/0120904300769000g01011.jpg","price":"1,92 €","price_unit":"(7,68 € / Litro)","categories":["Supermercado","Alimentación General","Vinagres","Vinagre de Jerez","COOSUR Selección Especial vinagre de Jerez botella 250 ml"],"general_information":["Denominación del alimento: Vinagre de Jerez Denominación de Origen Protegida","País de origen: España","Nombre del operador: Aceites del Sur- Coosur S.A.","Dirección del operador: Ctra. La Carolina Km 29. 23220 Vilches (Jaén)","Cantidad Neta: 250 Mililitros"],"ingredients":[" Vinagre de Jerez DOP, colorante: caramelo de mosto E-150D, metabisulfito potásico E-224"],"conservation":" No requiere condiciones especiales de conservación","ean":"8411190037691"},{"full_name":"PAEZ MORILLA vinagre de vino de Jerez Reserva botella 375 ml","name":"vinagre de vino de Jerez Reserva botella 375 ml","brand":"PAEZ MORILLA ","img":"https://sgfm.elcorteingles.es/SGFM/dctm/MEDIA03/201603/28/00120904300082____1__600x600.jpg","price":"4,55 €","price_unit":"(12,13 € / Litro)","categories":["Supermercado","Alimentación General","Vinagres","Vinagre de Jerez","PAEZ MORILLA vinagre de vino de Jerez Reserva botella 375 ml"],"general_information":["Denominación del alimento: Vinagre de Jerez","Nombre del operador: Bodegas Paez Morilla, S.A.","Dirección del operador: Av. Medina Sidonia 20, 11403 Jerez de la Frontera (Cádiz)","Lugar de procedencia del alimento: D.O. Vinagre de Jerez","Cantidad Neta: 375,0 Mililitros"],"ingredients":[" Contiene sulfitos."],"conservation":" Conservese en lugar fresco y seco","ean":"8411587486026"},{"full_name":"PAEZ MORILLA vinagre de Jerez al Pedro Ximénez botella 250 ml","name":"vinagre de Jerez al Pedro Ximénez botella 250 ml","brand":"PAEZ MORILLA ","img":"https://sgfm.elcorteingles.es/SGFM/dctm/MEDIA03/201604/28/00120904300264____2__600x600.jpg","price":"4,84 €","price_unit":"(19,36 € / Litro)","categories":["Supermercado","Alimentación General","Vinagres","Vinagre de Jerez","PAEZ MORILLA vinagre de Jerez al Pedro Ximénez botella 250 ml"],"general_information":["Denominación del alimento: Vinagre de Jerez","Nombre del operador: Bodegas Paez Morilla, S.A.","Dirección del operador: Av. Medina Sidonia 20, 11403 Jerez de la Frontera (Cádiz)","Lugar de procedencia del alimento: D.O. Vinagre de Jerez","Cantidad Neta: 250,0 Mililitros"],"ingredients":[" Contiene sulfitos."],"conservation":" Conservese en lugar fresco y seco","ean":"8411587100434"},{"full_name":"LOUIT vinagre de manzana ecológica botella 250 ml","name":"vinagre de manzana ecológica botella 250 ml","brand":"LOUIT ","img":"https://sgfm.elcorteingles.es/SGFM/dctm/MEDIA02/CONTENIDOS/201512/17/00200404300675____1__600x600.jpg","price":"2,04 €            ","price_unit":"(4 € / Litro)","categories":["Supermercado","Alimentación General","Vinagres","Vinagre de manzana","LOUIT vinagre de manzana ecológica botella 250 ml"],"general_information":["Denominación del alimento: Vinagre De Manzana","País de origen: España","Nombre del operador: Deoleo S.A.","Dirección del operador: Ctra. N.IV. Km.388-14610 Alcolea (Córdoba)","Cantidad Neta: 250 Mililitros"],"ingredients":[" Vinagre de vino de manzana, antioxidante: (dioxido de azufre)."],"conservation":" Mantener en lugar fresco y seco.","ean":"8410010860761"},{"full_name":"PRIMA vinagre de manzana botella 750 ml","name":"vinagre de manzana botella 750 ml","brand":"PRIMA ","img":"https://sgfm.elcorteingles.es/SGFM/dctm/MEDIA03/201706/07/00120904300017____8__600x600.jpg","price":"2,19 €","price_unit":"(2,92 € / Litro)","categories":["Supermercado","Alimentación General","Vinagres","Vinagre de manzana","PRIMA vinagre de manzana botella 750 ml"],"general_information":["Denominación del alimento: Vinagre de Manzana","Nombre del operador: Bolton Cile España","Dirección del operador: C/. Ombú nº 3   28045 Madrid, España","Cantidad Neta: 750 Mililitros"],"ingredients":[" Vinagre de manzana, Antioxidante: ANHIDRIDO SULFUROSO"],"ean":"8410329021013"},{"full_name":"PRIMA vinagre balsámico de manzana botella 750 ml","name":"vinagre balsámico de manzana botella 750 ml","brand":"PRIMA ","img":"https://sgfm.elcorteingles.es/SGFM/dctm/MEDIA03/201706/07/00120904300900____2__600x600.jpg","price":"4,29 €","price_unit":"(5,72 € / Litro)","categories":["Supermercado","Alimentación General","Vinagres","Vinagre de manzana","PRIMA vinagre balsámico de manzana botella 750 ml"],"general_information":[],"ingredients":[],"ean":"8410118043707"},{"full_name":"MAYADOR vinagre de sidra botella 750 ml","name":"vinagre de sidra botella 750 ml","brand":"MAYADOR ","img":"https://sgfm.elcorteingles.es/SGFM/dctm/MEDIA02/CONTENIDOS/201407/21/00120904300058____1__600x600.jpg","price":"2,04 €","price_unit":"(2,72 € / Litro)","categories":["Supermercado","Alimentación General","Vinagres","Vinagre de manzana","MAYADOR vinagre de sidra botella 750 ml"],"general_information":["Denominación del alimento: Vinagre de sidra","Nombre del operador: Manuel Busto Amandi S.A.","Dirección del operador: La Rasa s/n 33316 Villaviciosa (Asturias)","Cantidad Neta: 75 Centilitros","Otras menciones obligatorias en la etiqueta: 100% natural."],"ingredients":[],"ean":"8413481030008"},{"full_name":"BORGES crema de vinagre balsámico de manzana envase 250 g","name":"crema de vinagre balsámico de manzana envase 250 g","brand":"BORGES ","img":"https://sgfm.elcorteingles.es/SGFM/00/05/6/0120904400056/0120904400056000g01011.jpg","price":"3,29 €","price_unit":"(13,16 € / Kilo)","categories":["Supermercado","Alimentación General","Vinagres","Vinagre de manzana","BORGES crema de vinagre balsámico de manzana envase 250 g"],"general_information":["Denominación del alimento: Crema a base de vinagre de vino blanco con manzana.","País de origen: España","Nombre del operador: Borges Branded Foods, SLU.","Dirección del operador: Avda. Josep Trepat, s/n 25300 Tárrega (Lérida).","Cantidad Neta: 250 g"],"ingredients":[" Vinagre de vino blanco (42%), azúcares extraídos de frutas, jarabe de glucosa-fructosa, azúcar, almidón modificado de maíz, puré de manzana verde (1%), aroma de manzana, colorantes: E-150a, E-133. Contiene sulfitos."],"conservation":" Conservar en lugar fresco y proteger de la luz y calor directos, antes y una vez abierto el envase.","ean":"8410179005911"},{"full_name":"BORGES crema balsámica de frambuesa envase 250 g","name":"crema balsámica de frambuesa envase 250 g","brand":"BORGES ","img":"https://sgfm.elcorteingles.es/SGFM/00/20/5/0120904400205/0120904400205000g01011.jpg","price":"3,29 €","price_unit":"(13,16 € / Kilo)","categories":["Supermercado","Alimentación General","Vinagres","Otros sabores","BORGES crema balsámica de frambuesa envase 250 g"],"general_information":["Denominación del alimento: Crema a base de vinagre de vino tinto con frambuesa.","País de origen: España","Nombre del operador: Borges Branded Foods, SLU.","Dirección del operador: Avda. Josep Trepat, s/n 25300 Tárrega (Lérida).","Cantidad Neta: 250 g"],"ingredients":[" Jugo de uva concentrado, vinagre de vino tinto, jarabe de glucosa-fructosa, almidón modificado de maíz, puré de frambuesa (1%), aroma de frambuesa y colorante E-150d. Contiene sulfitos."],"conservation":" Conservar en lugar fresco y proteger de la luz y calor directos, antes y una vez abierto el envase.","ean":"8410179005928"},{"full_name":"BORGES Delissimo's vinagreta mediterránea envase 250 ml","name":"Delissimo's vinagreta mediterránea envase 250 ml","brand":"BORGES ","img":"https://sgfm.elcorteingles.es/SGFM/dctm/MEDIA03/201609/16/00120904301007____1__600x600.jpg","price":"2,38 €","price_unit":"(9,52 € / Litro)","categories":["Supermercado","Alimentación General","Vinagres","Otros sabores","BORGES Delissimo's vinagreta mediterránea envase 250 ml"],"general_information":["Denominación del alimento: Vinagreta Mediterránea.","País de origen: España","Nombre del operador: Borges Branded Foods, SLU.","Dirección del operador: Avda. Josep Trepat, s/n 25300 Tárrega (Lérida).","Cantidad Neta: 250 Mililitros"],"ingredients":[" Aceite de oliva virgen extra, aceite refinado de girasol, vinagre de Jerez (vinagre de vino de Jerez y conservador metabisulfito potásico), pasta de tomate concentrado (10%), agua, pasta de aceitunas negras (aceitunas negras y sal) (5%), pasta de alcaparras (alcaparras,ácido acético,sal,vinagre) orégano (0.8%), sal, aromas, carne de pimiento choricero. Contiene sulfitos. Puede contener trazas de mostaza, soja, gluten y sésamo."],"conservation":" Cerrar después de cada uso. Almacenar en un lugar fresco y seco, lejos de la luz solar.","ean":"8410179013091"},{"full_name":"EL GUISO reducción de vinagre balsámico con aroma de hierbabuena botella 250 ml","name":"reducción de vinagre balsámico con aroma de hierbabuena botella 250 ml","brand":"EL GUISO ","img":"https://sgfm.elcorteingles.es/SGFM/dctm/MEDIA03/201603/23/00120904400346____1__600x600.jpg","price":"3,84 €","price_unit":"(15,36 € / Litro)","categories":["Supermercado","Alimentación General","Vinagres","Otros sabores","EL GUISO reducción de vinagre balsámico con aroma de hierbabuena botella 250 ml"],"general_information":[],"ingredients":[],"ean":"8413669000274"},{"full_name":"EL GUISO reducción de vinagre balsámico con aroma de trufa botella 250 ml","name":"reducción de vinagre balsámico con aroma de trufa botella 250 ml","brand":"EL GUISO ","img":"https://sgfm.elcorteingles.es/SGFM/dctm/MEDIA03/201603/23/00120904400338____1__600x600.jpg","price":"4,03 €","price_unit":"(16,12 € / Litro)","categories":["Supermercado","Alimentación General","Vinagres","Otros sabores","EL GUISO reducción de vinagre balsámico con aroma de trufa botella 250 ml"],"general_information":[],"ingredients":[],"ean":"8413669000267"},{"full_name":"SAN CARLOS Gourmeth vinagre balsámico transparente Reserva botella 250 ml","name":"Gourmeth vinagre balsámico transparente Reserva botella 250 ml","brand":"SAN CARLOS ","img":"https://sgfm.elcorteingles.es/SGFM/dctm/MEDIA03/201706/05/00120904301247____1__600x600.jpg","price":"4,90 €","price_unit":"(19,60 € / Litro)","categories":["Supermercado","Alimentación General","Vinagres","Otros sabores","SAN CARLOS Gourmeth vinagre balsámico transparente Reserva botella 250 ml"],"general_information":[],"ingredients":[],"ean":"8437007723595"},{"full_name":"EL CORTE INGLES aderezo de limón botella 500 ml","name":"aderezo de limón botella 500 ml","brand":"EL CORTE INGLES ","img":"https://sgfm.elcorteingles.es/SGFM/dctm/MEDIA03/201702/06/00120902000254____1__600x600.jpg","price":"0,46 €","price_unit":"(0,92 € / Litro)","categories":["Supermercado","Alimentación General","Vinagres","Aderezo de limón","EL CORTE INGLES aderezo de limón botella 500 ml"],"general_information":["Denominación del alimento: ADEREZO LIMÓN","Nombre del operador: Elaborado para El Corte Inglés\n por\n Vinagrerías Riojanas S.A.\nAvda. Mendavia, 8 bajo\n26009 Logroño (La Rioja) España"],"ingredients":[" Ingredientes: Agua, acidulante acido cítrico, jarabe de glucosa, zumo concentrado de citricos, aroma limón, estabilizantes (E-414, E-445) y conservador (E-202)."],"conservation":" Conservar en lugar fresco y seco, a temperatura no superior a 30ºC y no exponer directamente a la luz solar. Una vez abierto conservar en frigorífico.","ean":"8433329076364"},{"full_name":"SOLIMON aderezo de zumo de limón exprimido botella 250 ml","name":"aderezo de zumo de limón exprimido botella 250 ml","brand":"SOLIMON ","img":"https://sgfm.elcorteingles.es/SGFM/dctm/MEDIA02/CONTENIDOS/201507/20/00120902000023____2__600x600.jpg","price":"1,11 €","price_unit":"(4,44 € / Litro)","categories":["Supermercado","Alimentación General","Vinagres","Aderezo de limón","SOLIMON aderezo de zumo de limón exprimido botella 250 ml"],"general_information":["Denominación del alimento: Limón exprimido","País de origen: España","Nombre del operador: DERIVADOS CITRICOS, S.A.","Dirección del operador: Pol. Ind. Oeste parc. 5/16 30820 Alcantarilla (Murcia) ESPAÑA","Cantidad Neta: 280,0 Mililitros","Otras menciones obligatorias en la etiqueta: No procede de concentrado. Sin gluten."],"ingredients":[" Zumo de limón exprimido 100%, antioxidante E224. Contiene sulfitos"],"conservation":" Una vez abierto, conservar en el frigorífico. Máx. 40 días.","ean":"8428020267746"}]