[{"full_name":"SMIRNOFF Ice vodka lata 25 cl","name":"Ice vodka lata 25 cl","brand":"SMIRNOFF ","img":"https://sgfm.elcorteingles.es/SGFM/dctm/MEDIA02/CONTENIDOS/201509/22/00118728801186____2__600x600.jpg","price":"1,56 €","price_unit":"(2,23 € / Litro)","categories":["Supermercado","Bebidas","Licores y Alcoholes","Vodka","Vodka","SMIRNOFF Ice vodka lata 25 cl"],"general_information":["Denominación del alimento: Ready to drink","Nombre del operador: Diageo España S.A.","Dirección del operador: Av de la Victoria 32 - 28023 Madrid","Cantidad Neta: 25 Centilitros","Porcentaje de alcohol: 4%"],"ingredients":[],"ean":"5410316997980"},{"full_name":"SMIRNOFF vodka botella 35 cl","name":"vodka botella 35 cl","brand":"SMIRNOFF ","img":"https://sgfm.elcorteingles.es/SGFM/dctm/MEDIA03/201708/01/00118724800737____6__600x600.jpg","price":"8,31 €","price_unit":"(23,74 € / Litro)","categories":["Supermercado","Bebidas","Licores y Alcoholes","Vodka","Vodka","SMIRNOFF vodka botella 35 cl"],"general_information":["Cantidad Neta: 35 cl","Notas de cata Triple destilación a partir de distintos granos, filtrado diez veces en siete columnas de carbón.\nUn licor de sabor excepcionalmente puro empleado en gran variedad de bebidas populares."],"ingredients":[],"ean":"5410316671286"},{"full_name":"SMIRNOFF vodka rojo botella 70 cl","name":"vodka rojo botella 70 cl","brand":"SMIRNOFF ","img":"https://sgfm.elcorteingles.es/SGFM/dctm/MEDIA03/201708/01/00118724800026____7__600x600.jpg","price":"9,33 €","price_unit":"(13,33 € / Litro)","categories":["Supermercado","Bebidas","Licores y Alcoholes","Vodka","Vodka","SMIRNOFF vodka rojo botella 70 cl"],"general_information":["Denominación del alimento: Vodka","Nombre del operador: Diageo España S.A.","Dirección del operador: Av de la Victoria 32 - 28023 Madrid","Cantidad Neta: 70 Centilitros","Porcentaje de alcohol: 37.5%","Notas de cata Triple destilación a partir de distintos granos, filtrado diez veces en siete columnas de carbón.\nUn licor de sabor excepcionalmente puro empleado en gran variedad de bebidas populares."],"ingredients":[],"ean":"5410316083607"},{"full_name":"SMIRNOFF vodka rojo botella 1 l","name":"vodka rojo botella 1 l","brand":"SMIRNOFF ","img":"https://sgfm.elcorteingles.es/SGFM/dctm/MEDIA03/201708/01/00118724800257____7__600x600.jpg","price":"11,77 €            ","price_unit":"(11,57 € / Litro)","categories":["Supermercado","Bebidas","Licores y Alcoholes","Vodka","Vodka","SMIRNOFF vodka rojo botella 1 l"],"general_information":["Denominación del alimento: Vodka","Nombre del operador: Diageo España S.A.","Dirección del operador: Av de la Victoria 32 - 28023 Madrid","Cantidad Neta: 100 Centilitros","Porcentaje de alcohol: 37.5%","Notas de cata Triple destilación a partir de distintos granos, filtrado diez veces en siete columnas de carbón.\nUn licor de sabor excepcionalmente puro empleado en gran variedad de bebidas populares."],"ingredients":[],"ean":"5410316100373"},{"full_name":"DANKOFF vodka botella 70 cl","name":"vodka botella 70 cl","brand":"DANKOFF ","img":"https://sgfm.elcorteingles.es/SGFM/dctm/MEDIA03/201606/22/00118724800562____1__600x600.jpg","price":"4,49 €","price_unit":"(6,41 € / Litro)","categories":["Supermercado","Bebidas","Licores y Alcoholes","Vodka","Vodka","DANKOFF vodka botella 70 cl"],"general_information":["Denominación del alimento: VODKA","Nombre del operador: Embotellado para \nel Grupo El Corte Inglés\nHermosilla 112 - Madrid\npor R.E. 1829-T2\nEspaña","Lugar de procedencia del alimento: PRODUCTO DE ESPAÑA"],"ingredients":[],"ean":"8433329029582"},{"full_name":"DANKOFF vodka licor caramelo botella 70 cl","name":"vodka licor caramelo botella 70 cl","brand":"DANKOFF ","img":"https://sgfm.elcorteingles.es/SGFM/dctm/MEDIA03/201606/22/00118720900010____1__600x600.jpg","price":"4,71 €","price_unit":"(6,73 € / Litro)","categories":["Supermercado","Bebidas","Licores y Alcoholes","Vodka","Vodka","DANKOFF vodka licor caramelo botella 70 cl"],"general_information":["Denominación del alimento: LICOR DE CARAMELO","Nombre del operador: Embotellado para \nel Grupo El Corte Inglés\nHermosilla 112 - Madrid\npor R.E. 1829-T2\nEspaña","Lugar de procedencia del alimento: PRODUCTO DE ESPAÑA"],"ingredients":[],"ean":"8433329029575"},{"full_name":"GECKO vodka con caramelo botella 70 cl","name":"vodka con caramelo botella 70 cl","brand":"GECKO ","img":"https://sgfm.elcorteingles.es/SGFM/00/19/2/0118720900192/0118720900192000g01011.jpg","price":"11,24 €            ","price_unit":"(14,21 € / Litro)","categories":["Supermercado","Bebidas","Licores y Alcoholes","Vodka","Vodka","GECKO vodka con caramelo botella 70 cl"],"general_information":["Denominación del alimento: Licor","País de origen: España","Nombre del operador: BARDINET,S.A.","Dirección del operador: Camí Can Valls s/n- 08790 Gelida","Cantidad Neta: 70,0 Centilitros","Porcentaje de alcohol: 27,0%"],"ingredients":[],"ean":"8410490264431"},{"full_name":"ERISTOFF premium vodka botella 1 l","name":"premium vodka botella 1 l","brand":"ERISTOFF ","img":"https://sgfm.elcorteingles.es/SGFM/dctm/MEDIA02/CONTENIDOS/201512/17/00118724800513____1__600x600.jpg","price":"10,89 €","price_unit":"(10,89 € / Litro)","categories":["Supermercado","Bebidas","Licores y Alcoholes","Vodka","Vodka","ERISTOFF premium vodka botella 1 l"],"general_information":["Denominación del alimento: VODKA","País de origen: Francia","Nombre del operador: BACARDI ESPAÑA, S.A.","Dirección del operador: CALLE DE VELÁZQUEZ, 51, 28001 MADRID","Cantidad Neta: 100 Centilitros","Porcentaje de alcohol: 37.5%","Otras menciones obligatorias en la etiqueta: NO CONTIENE GLUTEN"],"ingredients":[],"ean":"8410414000909"},{"full_name":"ERISTOFF premium vodka botella 70 cl","name":"premium vodka botella 70 cl","brand":"ERISTOFF ","img":"https://sgfm.elcorteingles.es/SGFM/00/09/1/0118724800091/0118724800091000g01011.jpg","price":"7,79 €","price_unit":"(11,13 € / Litro)","categories":["Supermercado","Bebidas","Licores y Alcoholes","Vodka","Vodka","ERISTOFF premium vodka botella 70 cl"],"general_information":["Denominación del alimento: VODKA","País de origen: Francia","Nombre del operador: BACARDI ESPAÑA, S.A.","Dirección del operador: CALLE DE VELÁZQUEZ, 51, 28001 MADRID","Cantidad Neta: 70 Centilitros","Porcentaje de alcohol: 37.5%","Otras menciones obligatorias en la etiqueta: NO CONTIENE GLUTEN"],"ingredients":[],"ean":"7610113002148"},{"full_name":"ERISTOFF vodka Black botella 70 cl","name":"vodka Black botella 70 cl","brand":"ERISTOFF ","img":"https://sgfm.elcorteingles.es/SGFM/00/14/3/0118720900143/0118720900143000g01011.jpg","price":"9,65 €","price_unit":"(13,79 € / Litro)","categories":["Supermercado","Bebidas","Licores y Alcoholes","Vodka","Vodka","ERISTOFF vodka Black botella 70 cl"],"general_information":["Denominación del alimento: BEBIDA ESPIRITUOSA","País de origen: Francia","Nombre del operador: BACARDI ESPAÑA, S.A.","Dirección del operador: CALLE DE VELÁZQUEZ, 51, 28001 MADRID","Cantidad Neta: 70 Centilitros","Porcentaje de alcohol: 18%","Otras menciones obligatorias en la etiqueta: NO CONTIENE GLUTEN"],"ingredients":[],"ean":"5010677801553"},{"full_name":"ERISTOFF vodka Red botella 70 cl","name":"vodka Red botella 70 cl","brand":"ERISTOFF ","img":"https://sgfm.elcorteingles.es/SGFM/00/16/8/0118720900168/0118720900168000g01011.jpg","price":"11,44 €","price_unit":"(16,34 € / Litro)","categories":["Supermercado","Bebidas","Licores y Alcoholes","Vodka","Vodka","ERISTOFF vodka Red botella 70 cl"],"general_information":["Denominación del alimento: BEBIDA ESPIRITUOSA","País de origen: Francia","Nombre del operador: BACARDI ESPAÑA, S.A.","Dirección del operador: CALLE DE VELÁZQUEZ, 51, 28001 MADRID","Cantidad Neta: 70 Centilitros","Porcentaje de alcohol: 18%","Otras menciones obligatorias en la etiqueta: NO CONTIENE GLUTEN"],"ingredients":[],"ean":"5010677801607"},{"full_name":"STOLICHNAYA vodka botella 70 cl","name":"vodka botella 70 cl","brand":"STOLICHNAYA ","img":"https://sgfm.elcorteingles.es/SGFM/00/11/7/0118724800117/0118724800117000g01011.jpg","price":"11,58 €","price_unit":"(16,54 € / Litro)","categories":["Supermercado","Bebidas","Licores y Alcoholes","Vodka","Vodka","STOLICHNAYA vodka botella 70 cl"],"general_information":["Denominación del alimento: Vodka","Nombre del operador: Import. Export. Varma S.A.","Dirección del operador: C/ La granja, 15 - Pol. Industrial Alcobendas. 28108 Alcobendas (Madrid) - España","Cantidad Neta: 700 Mililitros","Porcentaje de alcohol: 40.0%"],"ingredients":[" Agua y alcohol."],"ean":"4750021000140"},{"full_name":"GREY GOOSE vodka destilado y embotellado en Francia botella 70 cl","name":"vodka destilado y embotellado en Francia botella 70 cl","brand":"GREY GOOSE ","img":"https://sgfm.elcorteingles.es/SGFM/dctm/MEDIA02/CONTENIDOS/201410/22/00118721200287____1__600x600.jpg","price":"52,09 €            ","price_unit":"(65,64 € / Litro)","categories":["Supermercado","Bebidas","Licores y Alcoholes","Vodka","Vodka","GREY GOOSE vodka destilado y embotellado en Francia botella 70 cl"],"general_information":["Denominación del alimento: VODKA","País de origen: Francia","Nombre del operador: BACARDI ESPAÑA, S.A.","Dirección del operador: CALLE DE VELÁZQUEZ, 51, 28001 MADRID","Cantidad Neta: 70 Centilitros","Porcentaje de alcohol: 40%","Otras menciones obligatorias en la etiqueta: NO CONTIENE GLUTEN"],"ingredients":[],"ean":"5010677850100"},{"full_name":"SKYY vodka botella 70 cl","name":"vodka botella 70 cl","brand":"SKYY ","img":"https://sgfm.elcorteingles.es/SGFM/00/45/5/0118724800455/0118724800455000g01011.jpg","price":"16,13 €","price_unit":"(23,04 € / Litro)","categories":["Supermercado","Bebidas","Licores y Alcoholes","Vodka","Vodka","SKYY vodka botella 70 cl"],"general_information":["Denominación del alimento: Vodka","País de origen: Estados Unidos","Nombre del operador: Campari España S.L","Dirección del operador: c/ Marina 16-18, CP 08005 Barcelona","Cantidad Neta: 70 Centilitros","Porcentaje de alcohol: 40%"],"ingredients":[],"ean":"8000040007009"},{"full_name":"SVEDKA vodka premium de Suecia botella 70 cl","name":"vodka premium de Suecia botella 70 cl","brand":"SVEDKA ","img":"https://sgfm.elcorteingles.es/SGFM/00/19/6/0118721200196/0118721200196000g01011.jpg","price":"5,00 €","price_unit":"(7,14 € / Litro)","categories":["Supermercado","Bebidas","Licores y Alcoholes","Vodka","Vodka","SVEDKA vodka premium de Suecia botella 70 cl"],"general_information":["Denominación del alimento: VODKA","Nombre del operador: IMPORTADOR CONIUSA","Dirección del operador: SANT SADURNI DANOIA - ESPAÑA","Lugar de procedencia del alimento: PRODUCTO DE SUECIA","Cantidad Neta: 0.7 Litros","Porcentaje de alcohol: 40.0%"],"ingredients":[],"ean":"5010186018923"},{"full_name":"SOBIESKI vodka premium botella 70 cl","name":"vodka premium botella 70 cl","brand":"SOBIESKI ","img":"https://sgfm.elcorteingles.es/SGFM/00/62/0/0118724800620/0118724800620000g01011.jpg","price":"7,56 €","price_unit":"(10,80 € / Litro)","categories":["Supermercado","Bebidas","Licores y Alcoholes","Vodka","Vodka","SOBIESKI vodka premium botella 70 cl"],"general_information":["Denominación del alimento: Vodka","Nombre del operador: Marie Brizard Wine & Spirits España, S.A.","Dirección del operador: C/ Capitán Haya, 56 ? Bajo. 28020  Madrid","Cantidad Neta: 70 Centilitros","Porcentaje de alcohol: 37.5%"],"ingredients":[" Agua, etanol neutro de centeno Sobieski de origen agricola."],"conservation":" Conservar en un lugar fresco y seco. Evitar la exposición directa del sol.","ean":"5902738882147"},{"full_name":"FINLANDIA vodka botella 70 cl","name":"vodka botella 70 cl","brand":"FINLANDIA ","img":"https://sgfm.elcorteingles.es/SGFM/dctm/MEDIA02/CONTENIDOS/201411/19/00118724800075____1__600x600.jpg","price":"15,64 €            ","price_unit":"(20,31 € / Litro)","categories":["Supermercado","Bebidas","Licores y Alcoholes","Vodka","Vodka","FINLANDIA vodka botella 70 cl"],"general_information":["Denominación del alimento: Vodka","Nombre del operador: Import. Export. Varma S.A.","Dirección del operador: C/ La granja, 15 - Pol. Industrial Alcobendas. 28108 Alcobendas (Madrid) - España","Cantidad Neta: 700,0 Mililitros","Porcentaje de alcohol: 40,0%"],"ingredients":[" Agua y alcohol."],"ean":"6412709021776"},{"full_name":"DANZKA vodka edición limitada Dinamarca botella 70 cl","name":"vodka edición limitada Dinamarca botella 70 cl","brand":"DANZKA ","img":"https://sgfm.elcorteingles.es/SGFM/00/41/4/0118724800414/0118724800414000g01011.jpg","price":"10,60 €","price_unit":"(15,14 € / Litro)","categories":["Supermercado","Bebidas","Licores y Alcoholes","Vodka","Vodka","DANZKA vodka edición limitada Dinamarca botella 70 cl"],"general_information":["Denominación del alimento: Vodka","Nombre del operador: Comercial Masoliver S.A.","Dirección del operador: Calle Puntia, 18 - 17857 Begudà (Girona) España","Lugar de procedencia del alimento: 276 - Alemania","Cantidad Neta: 70 Centilitros","Porcentaje de alcohol: 40%"],"ingredients":[" Alcohol agrícola basado en grano  y agua"],"conservation":" Consérvese en un lugar fresco y seco","ean":"5788686123545"},{"full_name":"BELVEDERE vodka Premium Polonia botella 70 cl","name":"vodka Premium Polonia botella 70 cl","brand":"BELVEDERE ","img":"https://sgfm.elcorteingles.es/SGFM/00/64/6/0118724800646/0118724800646000g01011.jpg","price":"43,89 €","price_unit":"(62,70 € / Litro)","categories":["Supermercado","Bebidas","Licores y Alcoholes","Vodka","Vodka","BELVEDERE vodka Premium Polonia botella 70 cl"],"general_information":["Cantidad Neta: 70 cl"],"ingredients":[],"ean":"8420017806907"},{"full_name":"PURITY vodka premium botella 70 cl","name":"vodka premium botella 70 cl","brand":"PURITY ","img":"https://sgfm.elcorteingles.es/SGFM//00/21/2/0118721200212/0118721200212000g01011.jpg","price":"40,80 €","price_unit":"(58,29 € / Litro)","categories":["Supermercado","Bebidas","Licores y Alcoholes","Vodka","Vodka","PURITY vodka premium botella 70 cl"],"general_information":["Denominación del alimento: Vodka","Nombre del operador: Spirit and Brands S.L.","Dirección del operador: Paseo de Gracia, 103  4º planta - 08008 Barcelona","Lugar de procedencia del alimento: Suecia","Cantidad Neta: 70 Centilitros","Porcentaje de alcohol: 40%"],"ingredients":[],"ean":"7350043200015"},{"full_name":"SIDERIT Lactee vodka premium botella 70 cl","name":"Lactee vodka premium botella 70 cl","brand":"SIDERIT ","img":"https://sgfm.elcorteingles.es/SGFM/dctm/MEDIA03/201712/28/00118721200402____1__600x600.jpg","price":"27,65 €","price_unit":"(39,50 € / Litro)","categories":["Supermercado","Bebidas","Licores y Alcoholes","Vodka","Vodka","SIDERIT Lactee vodka premium botella 70 cl"],"general_information":["Cantidad Neta: 70 cl","Porcentaje de alcohol: 40%","Notas de cata Siderit Vodka Lacteè es una vodka ultra Premium elaborado con gran delicadeza a partir de alcohol\nobtenido por la fermentación de los azúcares de la leche. Después de múltiples destilaciones con una columna de destilación fraccionada se obtiene un alcohol de gran pureza y con notas diferentes en el paladar.\nPara terminar el destilado se rebaja con agua de manantial de mineralización muy débil, de la península ibérica, en Ortigosa del Monte en la ladera\nNorte de la sierra de Guadarrama."],"ingredients":[],"ean":"6752039031015"},{"full_name":"KRUPNIK vodka premium botella 70 cl","name":"vodka premium botella 70 cl","brand":"KRUPNIK ","img":"https://sgfm.elcorteingles.es/SGFM/dctm/MEDIA03/201610/18/00118724800703____1__600x600.jpg","price":"7,03 €","price_unit":"(10,04 € / Litro)","categories":["Supermercado","Bebidas","Licores y Alcoholes","Vodka","Vodka","KRUPNIK vodka premium botella 70 cl"],"general_information":["Cantidad Neta: 70 cl"],"ingredients":[],"ean":"5900595004696"},{"full_name":"SNOW LEOPARD vodka premium 40% volumen botella 70 cl","name":"vodka premium 40% volumen botella 70 cl","brand":"SNOW LEOPARD ","img":"https://sgfm.elcorteingles.es/SGFM/dctm/MEDIA02/CONTENIDOS/201409/03/00118721200246____1__600x600.jpg","price":"46,48 €","price_unit":"(66,40 € / Litro)","categories":["Supermercado","Bebidas","Licores y Alcoholes","Vodka","Vodka","SNOW LEOPARD vodka premium 40% volumen botella 70 cl"],"general_information":["Denominación del alimento: Vodka","Nombre del operador: Maxxium España, S.L","Dirección del operador: C/ Mahonia, 2 - 28043 Madrid","Cantidad Neta: 70,0 Centilitros","Porcentaje de alcohol: 40,0%"],"ingredients":[],"ean":"5060121440005"},{"full_name":"CIROC vodka francés botella 70 cl","name":"vodka francés botella 70 cl","brand":"CIROC ","img":"https://sgfm.elcorteingles.es/SGFM/dctm/MEDIA02/CONTENIDOS/201509/08/00118724800604____3__600x600.jpg","price":"35,62 €            ","price_unit":"(44,27 € / Litro)","categories":["Supermercado","Bebidas","Licores y Alcoholes","Vodka","Vodka","CIROC vodka francés botella 70 cl"],"general_information":["Denominación del alimento: Vodka","Nombre del operador: Diageo España S.A.","Dirección del operador: Av de la Victoria 32 - 28023 Madrid","Cantidad Neta: 70 Centilitros","Porcentaje de alcohol: 40%"],"ingredients":[],"ean":"5010103916738"},{"full_name":"ILOVKA vodka sabor caramelo botella 70 cl","name":"vodka sabor caramelo botella 70 cl","brand":"ILOVKA ","img":"https://sgfm.elcorteingles.es/SGFM/dctm/MEDIA02/CONTENIDOS/201410/02/00118720900259____1__600x600.jpg","price":"11,54 €","price_unit":"(16,49 € / Litro)","categories":["Supermercado","Bebidas","Licores y Alcoholes","Vodka","Vodka","ILOVKA vodka sabor caramelo botella 70 cl"],"general_information":["Denominación del alimento: Vodka caramelo","Nombre del operador: Casalbor, S.L.U.","Dirección del operador: Torneo Parque Empresaria, nº 2, C/ Arquitectura, Torre 11, Planta 6ª, Módulo 11 - 41015 Sevilla, España","Cantidad Neta: 70,0 Centilitros","Porcentaje de alcohol: 30,0%"],"ingredients":[],"ean":"8437003943171"},{"full_name":"ABSOLUT vodka sueco botella 1 l","name":"vodka sueco botella 1 l","brand":"ABSOLUT ","img":"https://sgfm.elcorteingles.es/SGFM/dctm/MEDIA02/CONTENIDOS/201411/04/00118721200279____2__600x600.jpg","price":"17,83 €            ","price_unit":"(16,59 € / Litro)","categories":["Supermercado","Bebidas","Licores y Alcoholes","Vodka","Vodka","ABSOLUT vodka sueco botella 1 l"],"general_information":["Denominación del alimento: Vodka","País de origen: Suecia","Nombre del operador: Pernod Ricard España","Dirección del operador: Avda. José Ortega y Gasset, 201 ? 5ª Planta   29006 MALAGA","Cantidad Neta: 100 Centilitros","Porcentaje de alcohol: 40%","Otras menciones obligatorias en la etiqueta: No contiene ninguna de las sustancias o productos que causan alergias o intolerancias recogidos en el anexo II del Reglamento 1169/2011. Nuestros productos están etiquetados de acuerdo a las reglas legales y de mercado sobre etiquetado de bebidas espirituosas"],"ingredients":[],"conservation":" Conservar alejada de luces intensas y en lugares con temperatura fresca y constante, en posición vertical.","ean":"7312040017034"},{"full_name":"ABSOLUT vodka sueco botella 70 cl","name":"vodka sueco botella 70 cl","brand":"ABSOLUT ","img":"https://sgfm.elcorteingles.es/SGFM/dctm/MEDIA03/201712/11/00118721200105____11__600x600.jpg","price":"12,45 €","price_unit":"(17,79 € / Litro)","categories":["Supermercado","Bebidas","Licores y Alcoholes","Vodka","Vodka","ABSOLUT vodka sueco botella 70 cl"],"general_information":["Cantidad Neta: 70 cl","Notas de cata Aromas con el carácter distintivo del grano de trigo, seguido de un toque a frutas secas.  Rico, con cuerpo y complejo, pero suave y maduro.","Gastronomía-Platos recomendados Puede tomarse combinado con zumo naranja, ó tonica , ó cualquier refresco"],"ingredients":[],"ean":"7312040551873"},{"full_name":"ABSOLUT Citron vodka botella 70 cl","name":"Citron vodka botella 70 cl","brand":"ABSOLUT ","img":"https://sgfm.elcorteingles.es/SGFM/dctm/MEDIA03/201611/02/00118720900200____1__600x600.jpg","price":"16,13 €","price_unit":"(23,04 € / Litro)","categories":["Supermercado","Bebidas","Licores y Alcoholes","Vodka","Vodka","ABSOLUT Citron vodka botella 70 cl"],"general_information":["Denominación del alimento: Vodka","País de origen: Suecia","Nombre del operador: Pernod Ricard España","Dirección del operador: Avda. José Ortega y Gasset, 201 ? 5ª Planta   29006 MALAGA","Cantidad Neta: 70 Centilitros","Porcentaje de alcohol: 40%","Otras menciones obligatorias en la etiqueta: No contiene ninguna de las sustancias o productos que causan alergias o intolerancias recogidos en el anexo II del Reglamento 1169/2011. Nuestros productos están etiquetados de acuerdo a las reglas legales y de mercado sobre etiquetado de bebidas espirituosas","Notas de cata Es suave y maduro, con toques frescos y afrutados de lima y limón y notas de cáscaras de limón. En vez de destilar el vodka tres o cuatro veces, lo habitual, se destilaba un número infinito de veces.","Gastronomía-Platos recomendados Solo o con hielo. También son la base perfecta para preparar combinados deliciosos"],"ingredients":[],"conservation":" Conservar alejada de luces intensas y en lugares con temperatura fresca y constante, en posición vertical.","ean":"7312040090709"},{"full_name":"ABSOLUT vodka raspberri botella 70 cl","name":"vodka raspberri botella 70 cl","brand":"ABSOLUT ","img":"https://sgfm.elcorteingles.es/SGFM/dctm/MEDIA03/201611/02/00118720900135____6__600x600.jpg","price":"14,23 €","price_unit":"(20,33 € / Litro)","categories":["Supermercado","Bebidas","Licores y Alcoholes","Vodka","Vodka","ABSOLUT vodka raspberri botella 70 cl"],"general_information":["Denominación del alimento: Vodka","País de origen: Suecia","Nombre del operador: Pernod Ricard España","Dirección del operador: Avda. José Ortega y Gasset, 201 ? 5ª Planta   29006 MALAGA","Cantidad Neta: 70 Centilitros","Porcentaje de alcohol: 40%","Otras menciones obligatorias en la etiqueta: No contiene ninguna de las sustancias o productos que causan alergias o intolerancias recogidos en el anexo II del Reglamento 1169/2011. Nuestros productos están etiquetados de acuerdo a las reglas legales y de mercado sobre etiquetado de bebidas espirituosas","Notas de cata Es rico e intenso, desvelando el fresco y afrutado carácter de frambuesas maduras","Gastronomía-Platos recomendados Solo o con hielo. También son la base perfecta para preparar combinados deliciosos"],"ingredients":[],"conservation":" Conservar alejada de luces intensas y en lugares con temperatura fresca y constante, en posición vertical.","ean":"7312040040704"},{"full_name":"1836 vodka ecológico botella 70 cl","name":"vodka ecológico botella 70 cl","brand":"1836 ","img":"https://sgfm.elcorteingles.es/SGFM/dctm/MEDIA03/201703/15/00118721200378____1__600x600.jpg","price":"29,95 €","categories":["Supermercado","Bebidas","Licores y Alcoholes","Vodka","Vodka","1836 vodka ecológico botella 70 cl"],"general_information":["Cantidad Neta: 70 cl","Notas de cata 1836 Gin Vodka Organic es un vodka suave y delicado, debe su excepcional a su grano de trigo 100% BIO y a la pureza del agua, extraída de los manantiales altos belgas. Igualmente su certificación garantiza que el producto está exento de aditivos artificiales, tales como, saborizantes, aromatizantes, colorantes, etc. Producto SIN GLUTEN."],"ingredients":[],"ean":"5411772000436"},{"full_name":"ZUBROWKA vodka original botella 70 cl","name":"vodka original botella 70 cl","brand":"ZUBROWKA ","img":"https://sgfm.elcorteingles.es/SGFM/dctm/MEDIA02/CONTENIDOS/201511/19/00118721200311____1__600x600.jpg","price":"15,80 €","price_unit":"(22,57 € / Litro)","categories":["Supermercado","Bebidas","Licores y Alcoholes","Vodka","Vodka","ZUBROWKA vodka original botella 70 cl"],"general_information":["Cantidad Neta: 70 cl"],"ingredients":[],"ean":"8410337097451"},{"full_name":"MOSKOVSKAYA vodka ruso botella 70 cl","name":"vodka ruso botella 70 cl","brand":"MOSKOVSKAYA ","img":"https://sgfm.elcorteingles.es/SGFM/00/08/3/0118724800083/0118724800083000g01011.jpg","price":"10,20 €","price_unit":"(14,57 € / Litro)","categories":["Supermercado","Bebidas","Licores y Alcoholes","Vodka","Vodka","MOSKOVSKAYA vodka ruso botella 70 cl"],"general_information":["Cantidad Neta: 70 cl"],"ingredients":[],"ean":"8414322136118"}]