[{"full_name":"GLENBARON whisky escocés standard botella 70 cl","name":"whisky escocés standard botella 70 cl","brand":"GLENBARON ","img":"https://sgfm.elcorteingles.es/SGFM/01/67/7/0118721001677/0118721001677000g01011.jpg","price":"6,36 €","price_unit":"(9,09 € / Litro)","categories":["Supermercado","Bebidas","Licores y Alcoholes","Whisky","Whisky escocés e irlandés","GLENBARON whisky escocés standard botella 70 cl"],"general_information":["Denominación del alimento: BLENDED SCOTCH WHISKY","Nombre del operador: Embotellado para \nel Grupo El Corte Inglés\nHermosilla 112 - Madrid\npor R.E. 1829-T2\nEspaña"],"ingredients":[],"ean":"8433329029629"},{"full_name":"GLEN NESS whisky escocés elaborado para grupo El Corte Inglés botella 70 cl","name":"whisky escocés elaborado para grupo El Corte Inglés botella 70 cl","brand":"GLEN NESS ","img":"https://sgfm.elcorteingles.es/SGFM/01/28/9/0118721001289/0118721001289000g01011.jpg","price":"10,23 €","price_unit":"(14,61 € / Litro)","categories":["Supermercado","Bebidas","Licores y Alcoholes","Whisky","Whisky escocés e irlandés","GLEN NESS whisky escocés elaborado para grupo El Corte Inglés botella 70 cl"],"general_information":["Cantidad Neta: 70 cl"],"ingredients":[],"ean":"5021349690030"},{"full_name":"GLEN NESS whisky escocés de malta 12 años elaborado para grupo El Corte Inglés botella 70 cl","name":"whisky escocés de malta 12 años elaborado para grupo El Corte Inglés botella 70 cl","brand":"GLEN NESS ","img":"https://sgfm.elcorteingles.es/SGFM/00/81/3/0118720400813/0118720400813000g01011.jpg","price":"26,62 €","price_unit":"(38,03 € / Litro)","categories":["Supermercado","Bebidas","Licores y Alcoholes","Whisky","Whisky escocés e irlandés","GLEN NESS whisky escocés de malta 12 años elaborado para grupo El Corte Inglés botella 70 cl"],"general_information":["Cantidad Neta: 70 cl"],"ingredients":[],"ean":"5021349540007"},{"full_name":"GLEN NESS whisky escocés Blended 12 años elaborado para grupo El Corte Inglés botella 70 cl","name":"whisky escocés Blended 12 años elaborado para grupo El Corte Inglés botella 70 cl","brand":"GLEN NESS ","img":"https://sgfm.elcorteingles.es/SGFM/00/80/5/0118720400805/0118720400805000g01011.jpg","price":"17,58 €","price_unit":"(25,11 € / Litro)","categories":["Supermercado","Bebidas","Licores y Alcoholes","Whisky","Whisky escocés e irlandés","GLEN NESS whisky escocés Blended 12 años elaborado para grupo El Corte Inglés botella 70 cl"],"general_information":["Cantidad Neta: 70 cl"],"ingredients":[],"ean":"5021349880004"},{"full_name":"GLEN NESS whisky escocés Blended 8 años elaborado para grupo El Corte Inglés botella 70 cl","name":"whisky escocés Blended 8 años elaborado para grupo El Corte Inglés botella 70 cl","brand":"GLEN NESS ","img":"https://sgfm.elcorteingles.es/SGFM/01/02/4/0118721001024/0118721001024000g01011.jpg","price":"15,09 €","price_unit":"(21,56 € / Litro)","categories":["Supermercado","Bebidas","Licores y Alcoholes","Whisky","Whisky escocés e irlandés","GLEN NESS whisky escocés Blended 8 años elaborado para grupo El Corte Inglés botella 70 cl"],"general_information":["Cantidad Neta: 70 cl"],"ingredients":[],"ean":"5021349890027"},{"full_name":"JOHNNIE WALKER whisky blenden scotch 18 años botella 70 cl","name":"whisky blenden scotch 18 años botella 70 cl","brand":"JOHNNIE WALKER ","img":"https://sgfm.elcorteingles.es/SGFM/dctm/MEDIA03/201711/06/00118720401563____6__600x600.jpg","price":"75,25 €","price_unit":"(107,50 € / Litro)","categories":["Supermercado","Bebidas","Licores y Alcoholes","Whisky","Whisky escocés e irlandés","JOHNNIE WALKER whisky blenden scotch 18 años botella 70 cl"],"general_information":["Denominación del alimento: Whisky - Blended Scotch","Nombre del operador: Diageo España S.A.","Dirección del operador: Av de la Victoria 32 - 28023 Madrid","Cantidad Neta: 70 Centilitros","Porcentaje de alcohol: 40%"],"ingredients":[],"ean":"5000267165783"},{"full_name":"JOHNNIE WALKER whisky escocés Black Label 12 años botella 70 cl","name":"whisky escocés Black Label 12 años botella 70 cl","brand":"JOHNNIE WALKER ","img":"https://sgfm.elcorteingles.es/SGFM/dctm/MEDIA03/201708/01/00118720400730____1__600x600.jpg","price":"23,99 €            ","price_unit":"(31,41 € / Litro)","categories":["Supermercado","Bebidas","Licores y Alcoholes","Whisky","Whisky escocés e irlandés","JOHNNIE WALKER whisky escocés Black Label 12 años botella 70 cl"],"general_information":["Cantidad Neta: 70 cl","Notas de cata Toques bien definidos de vainilla intensa, frutos secos y un sofisticado sabor ahumado. Disfrútelo con hielo, agua o como combinado largo con un chorrito de ginger ale."],"ingredients":[],"ean":"5000267167336"},{"full_name":"JOHNNIE WALKER whisky escocés Red Label botella 1 l","name":"whisky escocés Red Label botella 1 l","brand":"JOHNNIE WALKER ","img":"https://sgfm.elcorteingles.es/SGFM/dctm/MEDIA03/201708/01/00118721001784____1__600x600.jpg","price":"16,95 €            ","price_unit":"(15,45 € / Litro)","categories":["Supermercado","Bebidas","Licores y Alcoholes","Whisky","Whisky escocés e irlandés","JOHNNIE WALKER whisky escocés Red Label botella 1 l"],"general_information":["Denominación del alimento: Whisky - Blended Scotch","Nombre del operador: Diageo España S.A.","Dirección del operador: Av de la Victoria 32 - 28023 Madrid","Cantidad Neta: 100 Centilitros","Porcentaje de alcohol: 40%","Notas de cata Sabores frescos, dulces y afrutados con un final ahumado. Disfrútelo como combinado largo con hielo y ginger ale para realzar el sabor especiado."],"ingredients":[],"ean":"5000267013602"},{"full_name":"JOHNNIE WALKER whisky escocés Red Label botella 70 cl","name":"whisky escocés Red Label botella 70 cl","brand":"JOHNNIE WALKER ","img":"https://sgfm.elcorteingles.es/SGFM/dctm/MEDIA03/201708/01/00118721000133____1__600x600.jpg","price":"12,69 €            ","price_unit":"(17,36 € / Litro)","categories":["Supermercado","Bebidas","Licores y Alcoholes","Whisky","Whisky escocés e irlandés","JOHNNIE WALKER whisky escocés Red Label botella 70 cl"],"general_information":["Denominación del alimento: Whisky - Blended Scotch","Nombre del operador: Diageo España S.A.","Dirección del operador: Av de la Victoria 32 - 28023 Madrid","Cantidad Neta: 70 Centilitros","Porcentaje de alcohol: 40%","Notas de cata Sabores frescos, dulces y afrutados con un final ahumado. Disfrútelo como combinado largo con hielo y ginger ale para realzar el sabor especiado."],"ingredients":[],"ean":"8410695020658"},{"full_name":"JOHNNIE WALKER whisky escocés Double Black botella 70 cl","name":"whisky escocés Double Black botella 70 cl","brand":"JOHNNIE WALKER ","img":"https://sgfm.elcorteingles.es/SGFM/dctm/MEDIA03/201708/01/00118720401118____1__600x600.jpg","price":"28,39 €            ","price_unit":"(37,13 € / Litro)","categories":["Supermercado","Bebidas","Licores y Alcoholes","Whisky","Whisky escocés e irlandés","JOHNNIE WALKER whisky escocés Double Black botella 70 cl"],"general_information":["Cantidad Neta: 70 cl","Notas de cata Sabor acentuado, complejo e intenso.  Se disfruta mejor con agua para liberar sus complejas notas de especias ardientes y humo."],"ingredients":[],"ean":"5000267168289"},{"full_name":"JOHNNIE WALKER whisky escocés Green Label 15 años botella 70 cl","name":"whisky escocés Green Label 15 años botella 70 cl","brand":"JOHNNIE WALKER ","img":"https://sgfm.elcorteingles.es/SGFM/dctm/MEDIA03/201708/01/00118720401381____1__600x600.jpg","price":"36,52 €            ","price_unit":"(51,41 € / Litro)","categories":["Supermercado","Bebidas","Licores y Alcoholes","Whisky","Whisky escocés e irlandés","JOHNNIE WALKER whisky escocés Green Label 15 años botella 70 cl"],"general_information":["Denominación del alimento: Whisky - Blended Malt Scotch","Nombre del operador: Diageo España S.A.","Dirección del operador: Av de la Victoria 32 - 28023 Madrid","Cantidad Neta: 70 Centilitros","Porcentaje de alcohol: 43%"],"ingredients":[],"ean":"5000267134710"},{"full_name":"JOHNNIE WALKER whisky escocés Red Rey Finish botella 70 cl","name":"whisky escocés Red Rey Finish botella 70 cl","brand":"JOHNNIE WALKER ","img":"https://sgfm.elcorteingles.es/SGFM/dctm/MEDIA03/201708/01/00118720401464____6__600x600.jpg","price":"15,55 €","price_unit":"(22,21 € / Litro)","categories":["Supermercado","Bebidas","Licores y Alcoholes","Whisky","Whisky escocés e irlandés","JOHNNIE WALKER whisky escocés Red Rey Finish botella 70 cl"],"general_information":["Denominación del alimento: Whisky - Blended Scotch","Nombre del operador: Diageo España S.A.","Dirección del operador: Av de la Victoria 32 - 28023 Madrid","Cantidad Neta: 70 Centilitros","Porcentaje de alcohol: 40%"],"ingredients":[],"ean":"5000267163987"},{"full_name":"JOHNNIE WALKER whisky escocés Gold Label reserva botella 70 cl","name":"whisky escocés Gold Label reserva botella 70 cl","brand":"JOHNNIE WALKER ","img":"https://sgfm.elcorteingles.es/SGFM/dctm/MEDIA03/201708/01/00118720400607____7__600x600.jpg","price":"40,45 €            ","price_unit":"(54,93 € / Litro)","categories":["Supermercado","Bebidas","Licores y Alcoholes","Whisky","Whisky escocés e irlandés","JOHNNIE WALKER whisky escocés Gold Label reserva botella 70 cl"],"general_information":["Cantidad Neta: 70 cl","Notas de cata Es el fruto de la hábil fusión de los whiskies más maduros y exquisitos, envejecido en barrica durante más de 18 años y producido en cantidades limitadas. El gusto de almendras y anís se desarrolla suavemente sobre la lengua, detrás le siguen canela, uvas y avena macerada. Luego, todos los sabores mezclados se diluyen en los fuertes toques a turba y madera. Es complejo y potente."],"ingredients":[],"ean":"5000267168395"},{"full_name":"GRANT'S whisky escocés botella 1 l","name":"whisky escocés botella 1 l","brand":"GRANT'S ","img":"https://sgfm.elcorteingles.es/SGFM/dctm/MEDIA03/201711/06/00118721001966____1__600x600.jpg","price":"13,99 €            ","categories":["Supermercado","Bebidas","Licores y Alcoholes","Whisky","Whisky escocés e irlandés","GRANT'S whisky escocés botella 1 l"],"general_information":["Denominación del alimento: Whisky Escocés","Nombre del operador: Import. Export. Varma S.A.","Dirección del operador: C/ La granja, 15 - Pol. Industrial Alcobendas. 28108 Alcobendas (Madrid) - España","Cantidad Neta: 1 Litros","Porcentaje de alcohol: 40.0%"],"ingredients":[" Agua y alcohol."],"ean":"5010327000497"},{"full_name":"GRANT'S whisky escocés botella 1 l","name":"whisky escocés botella 1 l","brand":"GRANT'S ","img":"https://sgfm.elcorteingles.es/SGFM/dctm/MEDIA02/CONTENIDOS/201412/10/00118721001800____1__600x600.jpg","price":"14,27 €","price_unit":"(14,27 € / Litro)","categories":["Supermercado","Bebidas","Licores y Alcoholes","Whisky","Whisky escocés e irlandés","GRANT'S whisky escocés botella 1 l"],"general_information":["Denominación del alimento: Whisky Escocés","Nombre del operador: Import. Export. Varma S.A.","Dirección del operador: C/ La granja, 15 - Pol. Industrial Alcobendas. 28108 Alcobendas (Madrid) - España","Cantidad Neta: 1,0 Litros","Porcentaje de alcohol: 40,0%"],"ingredients":[" Agua y alcohol."],"ean":"5010327233215"},{"full_name":"VAT 69 whisky escocés botella 70 cl","name":"whisky escocés botella 70 cl","brand":"VAT 69 ","img":"https://sgfm.elcorteingles.es/SGFM/00/16/6/0118721000166/0118721000166000g01011.jpg","price":"7,84 €","price_unit":"(11,20 € / Litro)","categories":["Supermercado","Bebidas","Licores y Alcoholes","Whisky","Whisky escocés e irlandés","VAT 69 whisky escocés botella 70 cl"],"general_information":["Denominación del alimento: Whisky - Blended Scotch","Nombre del operador: Diageo España S.A.","Dirección del operador: Av de la Victoria 32 - 28023 Madrid","Cantidad Neta: 70 Centilitros","Porcentaje de alcohol: 40%"],"ingredients":[],"ean":"5000292261115"},{"full_name":"JB Urban Honey whisky escocés botella 70 cl","name":"Urban Honey whisky escocés botella 70 cl","brand":"JB ","img":"https://sgfm.elcorteingles.es/SGFM//01/76/8/0118721001768/0118721001768000g01011.jpg","price":"11,88 €","price_unit":"(16,97 € / Litro)","categories":["Supermercado","Bebidas","Licores y Alcoholes","Whisky","Whisky escocés e irlandés","JB Urban Honey whisky escocés botella 70 cl"],"general_information":["Denominación del alimento: Whisky - Blended Scotch","Nombre del operador: Diageo España S.A.","Dirección del operador: Av de la Victoria 32 - 28023 Madrid","Cantidad Neta: 70 Centilitros","Porcentaje de alcohol: 35%"],"ingredients":[],"ean":"5010103934480"},{"full_name":"JB whisky escocés botella 1,5 cl","name":"whisky escocés botella 1,5 cl","brand":"JB ","img":"https://sgfm.elcorteingles.es/SGFM/dctm/MEDIA03/201708/04/00118721001842____2__600x600.jpg","price":"23,39 €","price_unit":"(15,59 € / Litro)","categories":["Supermercado","Bebidas","Licores y Alcoholes","Whisky","Whisky escocés e irlandés","JB whisky escocés botella 1,5 cl"],"general_information":["Denominación del alimento: Whisky - Blended Scotch","Nombre del operador: Diageo España S.A.","Dirección del operador: Av de la Victoria 32 - 28023 Madrid","Cantidad Neta: 150 Centilitros","Porcentaje de alcohol: 40%"],"ingredients":[],"ean":"5010103804073"},{"full_name":"JB whisky escocés Rare botella 1 l","name":"whisky escocés Rare botella 1 l","brand":"JB ","img":"https://sgfm.elcorteingles.es/SGFM/dctm/MEDIA03/201606/23/00118721000968____2__600x600.jpg","price":"17,09 €            ","price_unit":"(14,49 € / Litro)","categories":["Supermercado","Bebidas","Licores y Alcoholes","Whisky","Whisky escocés e irlandés","JB whisky escocés Rare botella 1 l"],"general_information":["Denominación del alimento: Whisky - Blended Scotch","Nombre del operador: Diageo España S.A.","Dirección del operador: Av de la Victoria 32 - 28023 Madrid","Cantidad Neta: 100 Centilitros","Porcentaje de alcohol: 40%","Notas de cata Fundado por un italiano, destilado por un escocés y mezclado por un inglés.\nSuave y dulce, con sabores frescos a fruta verde, como pera y manzana. Para concluir surge el sabor de la vainilla, la dulzura de la miel y un toque final a turba.\nPresentación perfecta de J&B con cola: Coja un vaso alto enfriado. Vierta 5 cl de J&B Rare. Rellene el vaso con cubitos de hielo grandes, vierta por encima la cola y disfrute con moderación.\nMezcla de 42 whiskies distintos para crear J&B; un whisky transgresor"],"ingredients":[],"ean":"5010103800457"},{"full_name":"JB whisky escocés Rare botella 70 cl","name":"whisky escocés Rare botella 70 cl","brand":"JB ","img":"https://sgfm.elcorteingles.es/SGFM/00/15/8/0118721000158/0118721000158000g01011.jpg","price":"12,25 €            ","price_unit":"(15,99 € / Litro)","categories":["Supermercado","Bebidas","Licores y Alcoholes","Whisky","Whisky escocés e irlandés","JB whisky escocés Rare botella 70 cl"],"general_information":["Cantidad Neta: 70 cl","Notas de cata Fundado por un italiano, destilado por un escocés y mezclado por un inglés.\nSuave y dulce, con sabores frescos a fruta verde, como pera y manzana. Para concluir surge el sabor de la vainilla, la dulzura de la miel y un toque final a turba.\nPresentación perfecta de J&B con cola: Coja un vaso alto enfriado. Vierta 5 cl de J&B Rare. Rellene el vaso con cubitos de hielo grandes, vierta por encima la cola y disfrute con moderación.\nMezcla de 42 whiskies distintos para crear J&B; un whisky transgre"],"ingredients":[],"ean":"8410695025974"},{"full_name":"JB whisky escocés reserva 15 años botella 70 cl","name":"whisky escocés reserva 15 años botella 70 cl","brand":"JB ","img":"https://sgfm.elcorteingles.es/SGFM/00/72/2/0118720400722/0118720400722000g01011.jpg","price":"23,85 €            ","price_unit":"(31,21 € / Litro)","categories":["Supermercado","Bebidas","Licores y Alcoholes","Whisky","Whisky escocés e irlandés","JB whisky escocés reserva 15 años botella 70 cl"],"general_information":["Denominación del alimento: Whisky - Blended Scotch","Nombre del operador: Diageo España S.A.","Dirección del operador: Av de la Victoria 32 - 28023 Madrid","Cantidad Neta: 70 Centilitros","Porcentaje de alcohol: 40%","Notas de cata El equilibrio de la elegante, compleja y singular mezcla de whiskies puros de malta y grano hace de J&B el mejor whisky para combinar. Suave, con un persistente toque amaderado dulce y un delicado ahumado."],"ingredients":[],"ean":"5010103803403"},{"full_name":"BALLANTINE'S whisky escocés Finest botella 1,5 l","name":"whisky escocés Finest botella 1,5 l","brand":"BALLANTINE'S ","img":"https://sgfm.elcorteingles.es/SGFM/dctm/MEDIA02/CONTENIDOS/201411/07/00118721001792____1__600x600.jpg","price":"25,91 €            ","price_unit":"(13,97 € / Litro)","categories":["Supermercado","Bebidas","Licores y Alcoholes","Whisky","Whisky escocés e irlandés","BALLANTINE'S whisky escocés Finest botella 1,5 l"],"general_information":["Denominación del alimento: Whisky","País de origen: Reino Unido","Nombre del operador: Pernod Ricard España","Dirección del operador: Avda. José Ortega y Gasset, 201 ? 5ª Planta   29006 MALAGA","Cantidad Neta: 150 Centilitros","Porcentaje de alcohol: 40%","Otras menciones obligatorias en la etiqueta: No contiene ninguna de las sustancias o productos que causan alergias o intolerancias recogidos en el anexo II del Reglamento 1169/2011. Nuestros productos están etiquetados de acuerdo a las reglas legales y de mercado sobre etiquetado de bebidas espirituosas","Notas de cata Aromas de miel de brezo con un toque de especia. Sabores con toques de chocolate, manzana roja y vainilla. Tiene un carácter suave, dulce y complejo, un cuerpo equilibrado y un color dorado claro. Tiene un final sofisticado que deja una sensación equilibrada de frescura y textura floral."],"ingredients":[],"conservation":" Conservar alejada de luces intensas y en lugares con temperatura fresca y constante, en posición vertical.","ean":"5010106114414"},{"full_name":"BALLANTINE'S whisky escocés Finest botella 1 l","name":"whisky escocés Finest botella 1 l","brand":"BALLANTINE'S ","img":"https://sgfm.elcorteingles.es/SGFM/00/93/5/0118721000935/0118721000935000g01011.jpg","price":"17,41 €            ","price_unit":"(14,29 € / Litro)","categories":["Supermercado","Bebidas","Licores y Alcoholes","Whisky","Whisky escocés e irlandés","BALLANTINE'S whisky escocés Finest botella 1 l"],"general_information":["Denominación del alimento: Whisky","País de origen: Reino Unido","Nombre del operador: Pernod Ricard España","Dirección del operador: Avda. José Ortega y Gasset, 201 ? 5ª Planta   29006 MALAGA","Cantidad Neta: 100 Centilitros","Porcentaje de alcohol: 40%","Otras menciones obligatorias en la etiqueta: No contiene ninguna de las sustancias o productos que causan alergias o intolerancias recogidos en el anexo II del Reglamento 1169/2011. Nuestros productos están etiquetados de acuerdo a las reglas legales y de mercado sobre etiquetado de bebidas espirituosas","Notas de cata Aromas de miel de brezo con un toque de especia. Sabores con toques de chocolate, manzana roja y vainilla. Tiene un carácter suave, dulce y complejo, un cuerpo equilibrado y un color dorado claro. Tiene un final sofisticado que deja una sensación equilibrada de frescura y textura floral."],"ingredients":[],"conservation":" Conservar alejada de luces intensas y en lugares con temperatura fresca y constante, en posición vertical.","ean":"5000299606308"},{"full_name":"BALLANTINE'S whisky escocés Finest botella 70 cl","name":"whisky escocés Finest botella 70 cl","brand":"BALLANTINE'S ","img":"https://sgfm.elcorteingles.es/SGFM/00/03/4/0118721000034/0118721000034000g01011.jpg","price":"12,15 €            ","price_unit":"(15,84 € / Litro)","categories":["Supermercado","Bebidas","Licores y Alcoholes","Whisky","Whisky escocés e irlandés","BALLANTINE'S whisky escocés Finest botella 70 cl"],"general_information":["Cantidad Neta: 70 cl","Notas de cata Aromas de miel de brezo con un toque de especia. Sabores con toques de chocolate, manzana roja y vainilla. Tiene un carácter suave, dulce y complejo, un cuerpo equilibrado y un color dorado claro. Tiene un final sofisticado que deja una sensación equilibrada de frescura y textura floral."],"ingredients":[],"ean":"8410045104014"},{"full_name":"BALLANTINE'S whisky escocés Blue 12 años botella 70 cl","name":"whisky escocés Blue 12 años botella 70 cl","brand":"BALLANTINE'S ","img":"https://sgfm.elcorteingles.es/SGFM/dctm/MEDIA03/201709/25/00118720400664____1__600x600.jpg","price":"25,07 €","price_unit":"(35,81 € / Litro)","categories":["Supermercado","Bebidas","Licores y Alcoholes","Whisky","Whisky escocés e irlandés","BALLANTINE'S whisky escocés Blue 12 años botella 70 cl"],"general_information":["Denominación del alimento: Whisky","País de origen: Reino Unido","Nombre del operador: Pernod Ricard España","Dirección del operador: Avda. José Ortega y Gasset, 201 ? 5ª Planta   29006 MALAGA","Cantidad Neta: 70 Centilitros","Porcentaje de alcohol: 40%","Otras menciones obligatorias en la etiqueta: No contiene ninguna de las sustancias o productos que causan alergias o intolerancias recogidos en el anexo II del Reglamento 1169/2011. Nuestros productos están etiquetados de acuerdo a las reglas legales y de mercado sobre etiquetado de bebidas espirituosas","Notas de cata Su aroma tiene una dulzura a miel con un equilibrio complejo de aromas de roble y vainilla. Tiene un cuerpo cremoso y un color dorado miel brillante. Su sabor son complejos sabores de miel y flores mezclados con una dulzura de roble en perfecta armonía. Su caracter tiene toques de miel, es equilibrado y cremoso.Tiene un final refrescante, largo y dulce."],"ingredients":[],"conservation":" Conservar alejada de luces intensas y en lugares con temperatura fresca y constante, en posición vertical.","ean":"5010106110232"},{"full_name":"JAMESON whisky irlandés botella 70 cl","name":"whisky irlandés botella 70 cl","brand":"JAMESON ","img":"https://sgfm.elcorteingles.es/SGFM/dctm/MEDIA03/201710/20/00118722900158____1__600x600.jpg","price":"15,50 €","price_unit":"(22,14 € / Litro)","categories":["Supermercado","Bebidas","Licores y Alcoholes","Whisky","Whisky escocés e irlandés","JAMESON whisky irlandés botella 70 cl"],"general_information":["Cantidad Neta: 70 cl","Notas de cata Aroma suave y fragante, con notas de madera tostada y Jerez. Sabor\nexcepcionalmente suave, dulce y complejo.  Delicada fusión de sabores tales como vainilla, madera de roble y miel, complementados por especias, caramelo y nueces.\nFinal suave de complejos sabores que se mantienen delicadamente en el paladar."],"ingredients":[],"ean":"5011007018764"},{"full_name":"CHIVAS REGAL whisky escocés 12 años botella 70 cl","name":"whisky escocés 12 años botella 70 cl","brand":"CHIVAS REGAL ","img":"https://sgfm.elcorteingles.es/SGFM/dctm/MEDIA03/201712/11/00118720400771____7__600x600.jpg","price":"25,66 €            ","price_unit":"(32,84 € / Litro)","categories":["Supermercado","Bebidas","Licores y Alcoholes","Whisky","Whisky escocés e irlandés","CHIVAS REGAL whisky escocés 12 años botella 70 cl"],"general_information":["Denominación del alimento: Whisky","País de origen: Reino Unido","Nombre del operador: Pernod Ricard España","Dirección del operador: Avda. José Ortega y Gasset, 201 ? 5ª Planta   29006 MALAGA","Cantidad Neta: 70 Centilitros","Porcentaje de alcohol: 40%","Otras menciones obligatorias en la etiqueta: No contiene ninguna de las sustancias o productos que causan alergias o intolerancias recogidos en el anexo II del Reglamento 1169/2011. Nuestros productos están etiquetados de acuerdo a las reglas legales y de mercado sobre etiquetado de bebidas espirituosas"],"ingredients":[],"conservation":" Conservar alejada de luces intensas y en lugares con temperatura fresca y constante, en posición vertical.","ean":"0080432402931"},{"full_name":"BUCHANAN'S whisky escocés 12 años botella 1 l","name":"whisky escocés 12 años botella 1 l","brand":"BUCHANAN'S ","img":"https://sgfm.elcorteingles.es/SGFM/dctm/MEDIA03/201708/01/00118720400904____1__600x600.jpg","price":"31,55 €","price_unit":"(31,55 € / Litro)","categories":["Supermercado","Bebidas","Licores y Alcoholes","Whisky","Whisky escocés e irlandés","BUCHANAN'S whisky escocés 12 años botella 1 l"],"general_information":["Denominación del alimento: Whisky - Blended Scotch","Nombre del operador: Diageo España S.A.","Dirección del operador: Av de la Victoria 32 - 28023 Madrid","Cantidad Neta: 100 Centilitros","Porcentaje de alcohol: 40%"],"ingredients":[],"ean":"0000050196364"},{"full_name":"CUTTY SARK whisky escocés botella 1 l","name":"whisky escocés botella 1 l","brand":"CUTTY SARK ","img":"https://sgfm.elcorteingles.es/SGFM/dctm/MEDIA03/201711/29/00118721001719____1__600x600.jpg","price":"14,37 €            ","price_unit":"(12,95 € / Litro)","categories":["Supermercado","Bebidas","Licores y Alcoholes","Whisky","Whisky escocés e irlandés","CUTTY SARK whisky escocés botella 1 l"],"general_information":["Cantidad Neta: 1 l"],"ingredients":[],"ean":"8410854611239"},{"full_name":"CUTTY SARK whisky escocés botella 70 cl","name":"whisky escocés botella 70 cl","brand":"CUTTY SARK ","img":"https://sgfm.elcorteingles.es/SGFM/dctm/MEDIA03/201711/29/00118721000489____1__600x600.jpg","price":"11,25 €            ","price_unit":"(15,36 € / Litro)","categories":["Supermercado","Bebidas","Licores y Alcoholes","Whisky","Whisky escocés e irlandés","CUTTY SARK whisky escocés botella 70 cl"],"general_information":["Cantidad Neta: 70 cl"],"ingredients":[],"ean":"8410854611161"},{"full_name":"BUSHMILLS whisky irlandés original botella 70 cl","name":"whisky irlandés original botella 70 cl","brand":"BUSHMILLS ","img":"https://sgfm.elcorteingles.es/SGFM/00/18/2/0118722900182/0118722900182000g01011.jpg","price":"15,80 €","price_unit":"(22,57 € / Litro)","categories":["Supermercado","Bebidas","Licores y Alcoholes","Whisky","Whisky escocés e irlandés","BUSHMILLS whisky irlandés original botella 70 cl"],"general_information":["Cantidad Neta: 70 cl"],"ingredients":[],"ean":"5055966800022"},{"full_name":"TALISKER whisky escocés de malta 10 años botella 70 cl","name":"whisky escocés de malta 10 años botella 70 cl","brand":"TALISKER ","img":"https://sgfm.elcorteingles.es/SGFM/dctm/MEDIA03/201708/04/00118720400862____1__600x600.jpg","price":"40,04 €            ","price_unit":"(57,13 € / Litro)","categories":["Supermercado","Bebidas","Licores y Alcoholes","Whisky","Whisky escocés e irlandés","TALISKER whisky escocés de malta 10 años botella 70 cl"],"general_information":["Denominación del alimento: Whisky - Single Malt Scotch","Nombre del operador: Diageo España S.A.","Dirección del operador: Av de la Victoria 32 - 28023 Madrid","Cantidad Neta: 70 Centilitros","Porcentaje de alcohol: 45.8%","Notas de cata Un clásico de Talisker, el único whisky puro de malta de la isla de Skye.Sabores suaves y ahumados con una sensación reconfortante al final. El sutil toque ahumado de Talisker10 Year Old se disfruta mejor solo. La primera destilación brinda la complejidad y el toque de pimienta de este whisky. Un regalo ideal para quienes deseen conocer los whiskies de malta isleños ahumados."],"ingredients":[],"ean":"5000281005416"},{"full_name":"LAGAVULIN whisky escocés de malta 16 años botella 70 cl","name":"whisky escocés de malta 16 años botella 70 cl","brand":"LAGAVULIN ","img":"https://sgfm.elcorteingles.es/SGFM/00/68/0/0118720400680/0118720400680000g01011.jpg","price":"77,28 €            ","price_unit":"(101,20 € / Litro)","categories":["Supermercado","Bebidas","Licores y Alcoholes","Whisky","Whisky escocés e irlandés","LAGAVULIN whisky escocés de malta 16 años botella 70 cl"],"general_information":["Denominación del alimento: Whisky - Single Malt Scotch","Nombre del operador: Diageo España S.A.","Dirección del operador: Av de la Victoria 32 - 28023 Madrid","Cantidad Neta: 70 Centilitros","Porcentaje de alcohol: 43%","Notas de cata Lagavulin es el whisky puro de malta escocés de Islay más rico e intenso. Intenso, dulce y salado, con un rico sabor a turba.Madurado durante al menos dieciséis años en barricas de roble; intenso sabor a humo de turba y una sequedad que le confiere un carácter realmente interesante."],"ingredients":[],"ean":"5000281005409"},{"full_name":"LAGAVULIN whisky escocés de malta 8 años botella 70 cl","name":"whisky escocés de malta 8 años botella 70 cl","brand":"LAGAVULIN ","img":"https://sgfm.elcorteingles.es/SGFM/dctm/MEDIA03/201609/21/00118720401456____6__600x600.jpg","price":"61,33 €","price_unit":"(87,61 € / Litro)","categories":["Supermercado","Bebidas","Licores y Alcoholes","Whisky","Whisky escocés e irlandés","LAGAVULIN whisky escocés de malta 8 años botella 70 cl"],"general_information":["Cantidad Neta: 70 cl"],"ingredients":[],"ean":"5000281045160"},{"full_name":"THE GLENROTHES Vintage whisky de malta reserva botella 70 cl","name":"Vintage whisky de malta reserva botella 70 cl","brand":"THE GLENROTHES ","img":"https://sgfm.elcorteingles.es/SGFM/dctm/MEDIA02/CONTENIDOS/201510/19/00118720401332____2__600x600.jpg","price":"39,11 €            ","price_unit":"(47,07 € / Litro)","categories":["Supermercado","Bebidas","Licores y Alcoholes","Whisky","Whisky escocés e irlandés","THE GLENROTHES Vintage whisky de malta reserva botella 70 cl"],"general_information":["Denominación del alimento: Whisky malta","Nombre del operador: Maxxium España, S.L","Dirección del operador: C/ Mahonia, 2 - 28043 Madrid","Cantidad Neta: 70 Centilitros","Porcentaje de alcohol: 40%"],"ingredients":[],"ean":"5010493037686"},{"full_name":"HAIG CLUB whisky escocés botella 70 cl","name":"whisky escocés botella 70 cl","brand":"HAIG CLUB ","img":"https://sgfm.elcorteingles.es/SGFM/dctm/MEDIA03/201708/04/00118720401324____2__600x600.jpg","price":"43,85 €            ","price_unit":"(53,07 € / Litro)","categories":["Supermercado","Bebidas","Licores y Alcoholes","Whisky","Whisky escocés e irlandés","HAIG CLUB whisky escocés botella 70 cl"],"general_information":["Denominación del alimento: Whisky - Single Grain Scotch","Nombre del operador: Diageo España S.A.","Dirección del operador: Av de la Victoria 32 - 28023 Madrid","Cantidad Neta: 70 Centilitros","Porcentaje de alcohol: 40%"],"ingredients":[],"ean":"5000281036953"},{"full_name":"THE GLENLIVET Fournder's whisky escocés de malta reserva botella 70 cl","name":"Fournder's whisky escocés de malta reserva botella 70 cl","brand":"THE GLENLIVET ","img":"https://sgfm.elcorteingles.es/SGFM/dctm/MEDIA02/CONTENIDOS/201507/09/00118720400748____1__600x600.jpg","price":"42,55 €","price_unit":"(60,79 € / Litro)","categories":["Supermercado","Bebidas","Licores y Alcoholes","Whisky","Whisky escocés e irlandés","THE GLENLIVET Fournder's whisky escocés de malta reserva botella 70 cl"],"general_information":["Cantidad Neta: 70 cl","Notas de cata Aromas dulces y cítricos (notas de pera, vainilla naranja y un poco de miel)."],"ingredients":[],"ean":"5000299609347"},{"full_name":"GLEN GRANT whisky escocés Single Malt botella 70 cl","name":"whisky escocés Single Malt botella 70 cl","brand":"GLEN GRANT ","img":"https://sgfm.elcorteingles.es/SGFM/dctm/MEDIA03/201711/30/00118720401019____1__600x600.jpg","price":"18,20 €            ","price_unit":"(23,70 € / Litro)","categories":["Supermercado","Bebidas","Licores y Alcoholes","Whisky","Whisky escocés e irlandés","GLEN GRANT whisky escocés Single Malt botella 70 cl"],"general_information":["Cantidad Neta: 70 cl"],"ingredients":[],"ean":"8000040630191"},{"full_name":"THE MACALLAN Amber whisky escocés de malta 12 años botella 70 cl","name":"Amber whisky escocés de malta 12 años botella 70 cl","brand":"THE MACALLAN ","img":"https://sgfm.elcorteingles.es/SGFM/dctm/MEDIA03/201711/29/00118720401167____1__600x600.jpg","price":"44,95 €            ","price_unit":"(63,57 € / Litro)","categories":["Supermercado","Bebidas","Licores y Alcoholes","Whisky","Whisky escocés e irlandés","THE MACALLAN Amber whisky escocés de malta 12 años botella 70 cl"],"general_information":["Denominación del alimento: Whisky malta","Nombre del operador: Maxxium España, S.L","Dirección del operador: C/ Mahonia, 2 - 28043 Madrid","Cantidad Neta: 70,0 Centilitros","Porcentaje de alcohol: 40,0%"],"ingredients":[],"ean":"5010314101107"},{"full_name":"THE MACALLAN Sienna whisky escocés de malta 15 años botella 70 cl","name":"Sienna whisky escocés de malta 15 años botella 70 cl","brand":"THE MACALLAN ","img":"https://sgfm.elcorteingles.es/SGFM/01/17/5/0118720401175/0118720401175000g01011.jpg","price":"69,56 €","price_unit":"(99,37 € / Litro)","categories":["Supermercado","Bebidas","Licores y Alcoholes","Whisky","Whisky escocés e irlandés","THE MACALLAN Sienna whisky escocés de malta 15 años botella 70 cl"],"general_information":["Denominación del alimento: Whisky malta","Nombre del operador: Maxxium España, S.L","Dirección del operador: C/ Mahonia, 2 - 28043 Madrid","Cantidad Neta: 70 Centilitros","Porcentaje de alcohol: 43.0%"],"ingredients":[],"ean":"5010314101206"},{"full_name":"LAPHROAIG Islay Single Malt whisky escocés botella 70 cl","name":"Islay Single Malt whisky escocés botella 70 cl","brand":"LAPHROAIG ","img":"https://sgfm.elcorteingles.es/SGFM/dctm/MEDIA03/201602/22/00118720401373____1__600x600.jpg","price":"28,09 €            ","price_unit":"(40 € / Litro)","categories":["Supermercado","Bebidas","Licores y Alcoholes","Whisky","Whisky escocés e irlandés","LAPHROAIG Islay Single Malt whisky escocés botella 70 cl"],"general_information":["Cantidad Neta: 70 cl"],"ingredients":[],"ean":"5010019638359"},{"full_name":"JURA whisky escocés de malta 10 años botella 70 cl","name":"whisky escocés de malta 10 años botella 70 cl","brand":"JURA ","img":"https://sgfm.elcorteingles.es/SGFM/dctm/MEDIA03/201702/13/00118720401506____2__600x600.jpg","price":"31,57 €            ","price_unit":"(37,86 € / Litro)","categories":["Supermercado","Bebidas","Licores y Alcoholes","Whisky","Whisky escocés e irlandés","JURA whisky escocés de malta 10 años botella 70 cl"],"general_information":["Cantidad Neta: 70 cl"],"ingredients":[],"ean":"5014366080946"},{"full_name":"THE WILD GEESE whisky Rare Irish irlandés botella 70 cl","name":"whisky Rare Irish irlandés botella 70 cl","brand":"THE WILD GEESE ","img":"https://sgfm.elcorteingles.es/SGFM/dctm/MEDIA03/201604/25/00118720401399____1__600x600.jpg","price":"13,00 €","categories":["Supermercado","Bebidas","Licores y Alcoholes","Whisky","Whisky escocés e irlandés","THE WILD GEESE whisky Rare Irish irlandés botella 70 cl"],"general_information":["Cantidad Neta: 70 cl"],"ingredients":[],"ean":"0813548000520"},{"full_name":"GLENMORANGIE whisky escocés single malt original botella 70 cl","name":"whisky escocés single malt original botella 70 cl","brand":"GLENMORANGIE ","img":"https://sgfm.elcorteingles.es/SGFM/dctm/MEDIA03/201609/02/00118720401068____2__600x600.jpg","price":"38,18 €            ","price_unit":"(51,70 € / Litro)","categories":["Supermercado","Bebidas","Licores y Alcoholes","Whisky","Whisky escocés e irlandés","GLENMORANGIE whisky escocés single malt original botella 70 cl"],"general_information":["Cantidad Neta: 70 cl"],"ingredients":[],"ean":"5010494936636"},{"full_name":"HIGHLAND whisky escocés 12 años botella 75 cl","name":"whisky escocés 12 años botella 75 cl","brand":"HIGHLAND ","img":"https://sgfm.elcorteingles.es/SGFM/dctm/MEDIA02/CONTENIDOS/201504/10/00118720401308____1__600x600.jpg","price":"34,48 €","price_unit":"(45,97 € / Litro)","categories":["Supermercado","Bebidas","Licores y Alcoholes","Whisky","Whisky escocés e irlandés","HIGHLAND whisky escocés 12 años botella 75 cl"],"general_information":["Denominación del alimento: Whisky malta 12 años","Nombre del operador: Maxxium España, S.L","Dirección del operador: C/ Mahonia, 2 - 28043 Madrid","Cantidad Neta: 70 Centilitros","Porcentaje de alcohol: 40.0%"],"ingredients":[],"ean":"5010314570101"},{"full_name":"OLD ST. ANDREWS whisky escocés Clubhouse botella 70 cl","name":"whisky escocés Clubhouse botella 70 cl","brand":"OLD ST. ANDREWS ","img":"https://sgfm.elcorteingles.es/SGFM/dctm/MEDIA02/CONTENIDOS/201406/26/00118720401050____1__600x600.jpg","price":"29,10 €","price_unit":"(41,57 € / Litro)","categories":["Supermercado","Bebidas","Licores y Alcoholes","Whisky","Whisky escocés e irlandés","OLD ST. ANDREWS whisky escocés Clubhouse botella 70 cl"],"general_information":["Denominación del alimento: Whisky","País de origen: Reino Unido","Nombre del operador: CENTRAL HISÚMER S.L.","Dirección del operador: Crta. Hurchillo 10 - 03300 Orihuela (Alicante)","Lugar de procedencia del alimento: Reino Unido","Cantidad Neta: 70,0 Centilitros","Porcentaje de alcohol: 40,0%","Otras menciones obligatorias en la etiqueta: Los servicios sanitarios ingleses recomiendan un consumo que no exceda regularmente: para hombres de 3 a 4 unidades diarias, para mujeres de 2 a 3 unidades diarias. Especialmente creado para los amantes del buen whisky que buscan una presentación diferente, algo distintiva, única y de una calidad superior. Clubhouse combina una selección de Whiskys escoceses provenientes de las regiones de Speyside, Highland y Lowland. El resultado es un whisky escocés con suaves matices a vainilla, chocolate, madera de roble y fresno húmedo. Clubhouse es añejado durante al menos 10 años en barriles que antes contenían jerez, vinos dulces y vinos de la región de Oporto, podremos apreciar un trasfondo de todos estos vinos, su dulzura, aroma y bouquet están presentes en Clubhouse. No apto para embarazadas. Consuma de forma responsable."],"ingredients":[],"ean":"5011995000505"},{"full_name":"KNOCKANDO whisky escocés de malta botella 70 cl","name":"whisky escocés de malta botella 70 cl","brand":"KNOCKANDO ","img":"https://sgfm.elcorteingles.es/SGFM/00/70/6/0118720400706/0118720400706000g01011.jpg","price":"30,80 €            ","price_unit":"(37,79 € / Litro)","categories":["Supermercado","Bebidas","Licores y Alcoholes","Whisky","Whisky escocés e irlandés","KNOCKANDO whisky escocés de malta botella 70 cl"],"general_information":["Cantidad Neta: 70 cl","Notas de cata Whisky de malta de Speyside elaborado con el producto de una sola temporada de destilado. Sutilmente afrutado, con delicados aromas de tofe, cereales, almendras y avellanas. Maduración lenta durante 12 años para ofrecer un sabor especialmente delicado, afrutado y sutil."],"ingredients":[],"ean":"5010103940610"},{"full_name":"DEWAR'S WHITE LABEL whisky escocés Edición Espercial reserva 12 años botella 70 cl","name":"whisky escocés Edición Espercial reserva 12 años botella 70 cl","brand":"DEWAR'S WHITE LABEL ","img":"https://sgfm.elcorteingles.es/SGFM/00/83/9/0118720400839/0118720400839000g01011.jpg","price":"23,54 €","price_unit":"(33,63 € / Litro)","categories":["Supermercado","Bebidas","Licores y Alcoholes","Whisky","Whisky escocés e irlandés","DEWAR'S WHITE LABEL whisky escocés Edición Espercial reserva 12 años botella 70 cl"],"general_information":["Cantidad Neta: 70 cl"],"ingredients":[],"ean":"7640171030203"},{"full_name":"DEWAR'S WHITE LABEL whisky escocés botella 1 l","name":"whisky escocés botella 1 l","brand":"DEWAR'S WHITE LABEL ","img":"https://sgfm.elcorteingles.es/SGFM//01/08/1/0118721001081/0118721001081000g01011.jpg","price":"15,99 €            ","price_unit":"(13,69 € / Litro)","categories":["Supermercado","Bebidas","Licores y Alcoholes","Whisky","Whisky escocés e irlandés","DEWAR'S WHITE LABEL whisky escocés botella 1 l"],"general_information":["Cantidad Neta: 1 l"],"ingredients":[],"ean":"8410414008516"},{"full_name":"DEWAR'S WHITE LABEL whisky escocés botella 70 cl","name":"whisky escocés botella 70 cl","brand":"DEWAR'S WHITE LABEL ","img":"https://sgfm.elcorteingles.es/SGFM/00/50/5/0118721000505/0118721000505000g01011.jpg","price":"11,83 €            ","price_unit":"(15,70 € / Litro)","categories":["Supermercado","Bebidas","Licores y Alcoholes","Whisky","Whisky escocés e irlandés","DEWAR'S WHITE LABEL whisky escocés botella 70 cl"],"general_information":["Cantidad Neta: 70 cl"],"ingredients":[],"ean":"8410414114019"},{"full_name":"GLENFIDDICH whisky escocés de malta 12 años botella 70 cl","name":"whisky escocés de malta 12 años botella 70 cl","brand":"GLENFIDDICH ","img":"https://sgfm.elcorteingles.es/SGFM/00/78/9/0118720400789/0118720400789000g01011.jpg","price":"26,75 €","price_unit":"(38,21 € / Litro)","categories":["Supermercado","Bebidas","Licores y Alcoholes","Whisky","Whisky escocés e irlandés","GLENFIDDICH whisky escocés de malta 12 años botella 70 cl"],"general_information":["Denominación del alimento: Whisky Escocés de malta","Nombre del operador: Import. Export. Varma S.A.","Dirección del operador: C/ La granja, 15 - Pol. Industrial Alcobendas. 28108 Alcobendas (Madrid) - España","Cantidad Neta: 700,0 Mililitros","Porcentaje de alcohol: 40,0%"],"ingredients":[" Agua y alcohol."],"ean":"5010327000176"},{"full_name":"THE SINGLETON whisky escocés de malta 12 años botella 70 cl","name":"whisky escocés de malta 12 años botella 70 cl","brand":"THE SINGLETON ","img":"https://sgfm.elcorteingles.es/SGFM/dctm/MEDIA03/201612/20/00118721001685____1__600x600.jpg","price":"25,81 €","price_unit":"(36,87 € / Litro)","categories":["Supermercado","Bebidas","Licores y Alcoholes","Whisky","Whisky escocés e irlandés","THE SINGLETON whisky escocés de malta 12 años botella 70 cl"],"general_information":["Cantidad Neta: 70 cl"],"ingredients":[],"ean":"5000281049540"},{"full_name":"THE FAMOUS GROUSE whisky escocés de malta botella 70 cl","name":"whisky escocés de malta botella 70 cl","brand":"THE FAMOUS GROUSE ","img":"https://sgfm.elcorteingles.es/SGFM/00/47/1/0118721000471/0118721000471000g01011.jpg","price":"14,34 €","price_unit":"(20,49 € / Litro)","categories":["Supermercado","Bebidas","Licores y Alcoholes","Whisky","Whisky escocés e irlandés","THE FAMOUS GROUSE whisky escocés de malta botella 70 cl"],"general_information":["Cantidad Neta: 70 cl"],"ingredients":[],"ean":"0050103147003"},{"full_name":"THE FAMOUS GROUSE whisky escocés de malta botella 1 l","name":"whisky escocés de malta botella 1 l","brand":"THE FAMOUS GROUSE ","img":"https://sgfm.elcorteingles.es/SGFM/dctm/MEDIA02/CONTENIDOS/201411/05/00118721001818____1__600x600.jpg","price":"17,24 €","price_unit":"(17,24 € / Litro)","categories":["Supermercado","Bebidas","Licores y Alcoholes","Whisky","Whisky escocés e irlandés","THE FAMOUS GROUSE whisky escocés de malta botella 1 l"],"general_information":["Denominación del alimento: Whisky escocés","Nombre del operador: Maxxium España, S.L","Dirección del operador: C/ Mahonia, 2 - 28043 Madrid","Cantidad Neta: 100,0 Centilitros","Porcentaje de alcohol: 40,0%"],"ingredients":[],"ean":"5010314047108"},{"full_name":"LOCH LOMOND whisky premium single de malta botella 70 cl","name":"whisky premium single de malta botella 70 cl","brand":"LOCH LOMOND ","img":"https://sgfm.elcorteingles.es/SGFM/01/24/1/0118720401241/0118720401241000g01011.jpg","price":"21,91 €","price_unit":"(31,30 € / Litro)","categories":["Supermercado","Bebidas","Licores y Alcoholes","Whisky","Whisky escocés e irlandés","LOCH LOMOND whisky premium single de malta botella 70 cl"],"general_information":["Cantidad Neta: 70 cl"],"ingredients":[],"ean":"5016840033219"},{"full_name":"CARDHU Gold Reserva whisky escocés puro de malta botella 70 cl","name":"Gold Reserva whisky escocés puro de malta botella 70 cl","brand":"CARDHU ","img":"https://sgfm.elcorteingles.es/SGFM/dctm/MEDIA03/201708/01/00118720401290____4__600x600.jpg","price":"27,14 €            ","price_unit":"(32,79 € / Litro)","categories":["Supermercado","Bebidas","Licores y Alcoholes","Whisky","Whisky escocés e irlandés","CARDHU Gold Reserva whisky escocés puro de malta botella 70 cl"],"general_information":["Cantidad Neta: 70 cl"],"ingredients":[],"ean":"5000267167893"},{"full_name":"CARDHU whisky escocés puro de malta 15 años botella 70 cl","name":"whisky escocés puro de malta 15 años botella 70 cl","brand":"CARDHU ","img":"https://sgfm.elcorteingles.es/SGFM/dctm/MEDIA03/201708/01/00118720400631____1__600x600.jpg","price":"39,99 €","price_unit":"(57,13 € / Litro)","categories":["Supermercado","Bebidas","Licores y Alcoholes","Whisky","Whisky escocés e irlandés","CARDHU whisky escocés puro de malta 15 años botella 70 cl"],"general_information":["Denominación del alimento: Whisky - Single Malt Scotch","Nombre del operador: Diageo España S.A.","Dirección del operador: Av de la Victoria 32 - 28023 Madrid","Cantidad Neta: 70 Centilitros","Porcentaje de alcohol: 40%","Notas de cata Un whisky puro de malta Speyside bien equilibrado de la gama Cardhu. \nSabores delicados de frutas tropicales con notas secas de roble y humo especiado.\nIdeal para servir solo o en un Hot Toddy con limón, agua caliente y clavo.\nSe elabora lentamente y se envejece durante 15 años para ofrecer una suavidad excepcional.\nIideal para regalo gracias a su botella característica y excepcionalmente lujosa."],"ingredients":[],"ean":"5000267116662"},{"full_name":"CARDHU whisky escocés puro de malta 12 años botella 70 cl","name":"whisky escocés puro de malta 12 años botella 70 cl","brand":"CARDHU ","img":"https://sgfm.elcorteingles.es/SGFM/dctm/MEDIA03/201708/01/00118720400714____3__600x600.jpg","price":"25,35 €            ","price_unit":"(32,79 € / Litro)","categories":["Supermercado","Bebidas","Licores y Alcoholes","Whisky","Whisky escocés e irlandés","CARDHU whisky escocés puro de malta 12 años botella 70 cl"],"general_information":["Cantidad Neta: 70 cl","Notas de cata Whisky puro de malta escocés de la gama Cardhu con un sabor intenso y delicioso.\nUn whisky de malta dulce, limpio, fresco y con toques de roble. Se disfruta mejor solo o con hielo.\nEnvejecido durante 12 años para liberar las notas afrutadas."],"ingredients":[],"ean":"5000267167855"},{"full_name":"ROYAL Blenden whisky escocés 12 años botella 70 cl","name":"Blenden whisky escocés 12 años botella 70 cl","brand":"ROYAL ","img":"https://sgfm.elcorteingles.es/SGFM/dctm/MEDIA02/CONTENIDOS/201410/02/00118720401282____1__600x600.jpg","price":"26,21 €","price_unit":"(37,44 € / Litro)","categories":["Supermercado","Bebidas","Licores y Alcoholes","Whisky","Whisky escocés e irlandés","ROYAL Blenden whisky escocés 12 años botella 70 cl"],"general_information":["Cantidad Neta: 70 cl"],"ingredients":[],"ean":"5027662703709"},{"full_name":"TEACHER' S whisky escocés botella 70 cl","name":"whisky escocés botella 70 cl","brand":"TEACHER' S ","img":"https://sgfm.elcorteingles.es/SGFM/01/36/2/0118721001362/0118721001362000g01011.jpg","price":"12,19 €","price_unit":"(17,41 € / Litro)","categories":["Supermercado","Bebidas","Licores y Alcoholes","Whisky","Whisky escocés e irlandés","TEACHER' S whisky escocés botella 70 cl"],"general_information":["Denominación del alimento: Whisky escocés","Nombre del operador: Casalbor Trade S.L.","Dirección del operador: C/ Zurbano 76, 8ª, 28010 Madrid","Cantidad Neta: 700 Mililitros","Porcentaje de alcohol: 40%"],"ingredients":[],"ean":"5010093259006"},{"full_name":"RUTHEROR whisky escocés premium 12 años caneco 70 cl","name":"whisky escocés premium 12 años caneco 70 cl","brand":"RUTHEROR ","img":"https://sgfm.elcorteingles.es/SGFM/01/26/6/0118720401266/0118720401266000g01011.jpg","price":"39,95 €","price_unit":"(57,07 € / Litro)","categories":["Supermercado","Bebidas","Licores y Alcoholes","Whisky","Whisky escocés e irlandés","RUTHEROR whisky escocés premium 12 años caneco 70 cl"],"general_information":["Cantidad Neta: 70 cl"],"ingredients":[],"ean":"5016840917410"},{"full_name":"WILLIAN LAWSON'S whisky escocés botella 70 cl","name":"whisky escocés botella 70 cl","brand":"WILLIAN LAWSON'S ","img":"https://sgfm.elcorteingles.es/SGFM/00/55/4/0118721000554/0118721000554000g01011.jpg","price":"7,28 €            ","price_unit":"(9,99 € / Litro)","categories":["Supermercado","Bebidas","Licores y Alcoholes","Whisky","Whisky escocés e irlandés","WILLIAN LAWSON'S whisky escocés botella 70 cl"],"general_information":["Denominación del alimento: WHISKY","País de origen: Reino Unido","Nombre del operador: BACARDI ESPAÑA, S.A.","Dirección del operador: CALLE DE VELÁZQUEZ, 51, 28001 MADRID","Cantidad Neta: 100 Centilitros","Porcentaje de alcohol: 40%","Otras menciones obligatorias en la etiqueta: NO CONTIENE GLUTEN"],"ingredients":[],"ean":"5010752000345"},{"full_name":"AUCHENTOSHAN American Oak whisky escocés botella 70 cl","name":"American Oak whisky escocés botella 70 cl","brand":"AUCHENTOSHAN ","img":"https://sgfm.elcorteingles.es/SGFM/dctm/MEDIA03/201605/25/00118720401415____1__600x600.jpg","price":"26,09 €","categories":["Supermercado","Bebidas","Licores y Alcoholes","Whisky","Whisky escocés e irlandés","AUCHENTOSHAN American Oak whisky escocés botella 70 cl"],"general_information":["Cantidad Neta: 70 cl"],"ingredients":[],"ean":"5010496003565"},{"full_name":"LAUDER'S whisky sherry edition oloroso caks botella 70 cl","name":"whisky sherry edition oloroso caks botella 70 cl","brand":"LAUDER'S ","img":"https://sgfm.elcorteingles.es/SGFM/dctm/MEDIA03/201608/31/00118721001891____1__600x600.jpg","price":"19,97 €","price_unit":"(28,53 € / Litro)","categories":["Supermercado","Bebidas","Licores y Alcoholes","Whisky","Whisky escocés e irlandés","LAUDER'S whisky sherry edition oloroso caks botella 70 cl"],"general_information":["Cantidad Neta: 70 cl"],"ingredients":[],"ean":"5024546366906"},{"full_name":"WHITE HORSE whisky escocés botella 70 cl","name":"whisky escocés botella 70 cl","brand":"WHITE HORSE ","img":"https://sgfm.elcorteingles.es/SGFM/dctm/MEDIA03/201611/08/00118721000497____1__600x600.jpg","price":"10,79 €","price_unit":"(15,41 € / Litro)","categories":["Supermercado","Bebidas","Licores y Alcoholes","Whisky","Whisky escocés e irlandés","WHITE HORSE whisky escocés botella 70 cl"],"general_information":["Cantidad Neta: 70 cl"],"ingredients":[],"ean":"5000265001014"},{"full_name":"PASSPORT whisky escocés botella 1 l","name":"whisky escocés botella 1 l","brand":"PASSPORT ","img":"https://sgfm.elcorteingles.es/SGFM/01/13/1/0118721001131/0118721001131000g01011.jpg","price":"14,99 €","price_unit":"(14,99 € / Litro)","categories":["Supermercado","Bebidas","Licores y Alcoholes","Whisky","Whisky escocés e irlandés","PASSPORT whisky escocés botella 1 l"],"general_information":["Denominación del alimento: Blended Scotch Whisky","País de origen: Reino Unido","Nombre del operador: Osborne Distribuidora, S.A.","Dirección del operador: C/Fernan Caballero, 7 - 11500 El Puerto de Santa María (Cádiz)","Lugar de procedencia del alimento: Blended Scotch Whisky","Cantidad Neta: 100 Centilitros","Porcentaje de alcohol: 40%","Otras menciones obligatorias en la etiqueta: ENJOY PASSPORT RESPONSIBLY"],"ingredients":[],"ean":"5000299210079"},{"full_name":"100 PIPERS whisky escocés botella 1 l","name":"whisky escocés botella 1 l","brand":"100 PIPERS ","img":"https://sgfm.elcorteingles.es/SGFM/dctm/MEDIA03/201707/08/00118721001123____1__600x600.jpg","price":"14,79 €            ","price_unit":"(14,49 € / Litro)","categories":["Supermercado","Bebidas","Licores y Alcoholes","Whisky","Whisky escocés e irlandés","100 PIPERS whisky escocés botella 1 l"],"general_information":["Cantidad Neta: 1 l"],"ingredients":[],"ean":"8410337097604"},{"full_name":"BOWMORE Islay Single Malt whisky escocés 12 años botella 70 cl","name":"Islay Single Malt whisky escocés 12 años botella 70 cl","brand":"BOWMORE ","img":"https://sgfm.elcorteingles.es/SGFM/dctm/MEDIA03/201606/17/00118720401431____1__600x600.jpg","price":"35,26 €","categories":["Supermercado","Bebidas","Licores y Alcoholes","Whisky","Whisky escocés e irlandés","BOWMORE Islay Single Malt whisky escocés 12 años botella 70 cl"],"general_information":["Cantidad Neta: 70 cl"],"ingredients":[],"ean":"5010496080818"},{"full_name":"BOWMORE whisky escocés de malta Small Batch Reserve botella 70 cl","name":"whisky escocés de malta Small Batch Reserve botella 70 cl","brand":"BOWMORE ","img":"https://sgfm.elcorteingles.es/SGFM/dctm/MEDIA03/201606/17/00118720401423____1__600x600.jpg","price":"25,89 €","categories":["Supermercado","Bebidas","Licores y Alcoholes","Whisky","Whisky escocés e irlandés","BOWMORE whisky escocés de malta Small Batch Reserve botella 70 cl"],"general_information":["Cantidad Neta: 70 cl"],"ingredients":[],"ean":"5010496004494"},{"full_name":"JAMESON whisky irlandés botella 1 l","name":"whisky irlandés botella 1 l","brand":"JAMESON ","img":"https://sgfm.elcorteingles.es/SGFM/00/20/8/0118722900208/0118722900208000g01011.jpg","price":"21,17 €","price_unit":"(21,17 € / Litro)","categories":["Supermercado","Bebidas","Licores y Alcoholes","Whisky","Whisky escocés e irlandés","JAMESON whisky irlandés botella 1 l"],"general_information":["Cantidad Neta: 1 l"],"ingredients":[],"ean":"8410045102218"},{"full_name":"BELL'S whisky escocés botella 70 cl","name":"whisky escocés botella 70 cl","brand":"BELL'S ","img":"https://sgfm.elcorteingles.es/SGFM/00/71/1/0118721000711/0118721000711000g01011.jpg","price":"12,98 €","price_unit":"(18,54 € / Litro)","categories":["Supermercado","Bebidas","Licores y Alcoholes","Whisky","Whisky escocés e irlandés","BELL'S whisky escocés botella 70 cl"],"general_information":["Denominación del alimento: Whisky - Blended Scotch","Nombre del operador: Diageo España S.A.","Dirección del operador: Av de la Victoria 32 - 28023 Madrid","Cantidad Neta: 70 Centilitros","Porcentaje de alcohol: 40%"],"ingredients":[],"ean":"5000387905474"},{"full_name":"BLACK JACK 21 bourbon whisky botella 70 cl","name":"21 bourbon whisky botella 70 cl","brand":"BLACK JACK ","img":"https://sgfm.elcorteingles.es/SGFM/00/44/8/0118722900448/0118722900448000g01011.jpg","price":"15,95 €","price_unit":"(22,79 € / Litro)","categories":["Supermercado","Bebidas","Licores y Alcoholes","Whisky","Whisky Bourbon","BLACK JACK 21 bourbon whisky botella 70 cl"],"general_information":["Cantidad Neta: 70 cl"],"ingredients":[],"ean":"8438001405586"},{"full_name":"FOUR ROSES whisky bourbon botella 70 cl","name":"whisky bourbon botella 70 cl","brand":"FOUR ROSES ","img":"https://sgfm.elcorteingles.es/SGFM/00/06/7/0118722900067/0118722900067000g01011.jpg","price":"14,35 €            ","price_unit":"(18,56 € / Litro)","categories":["Supermercado","Bebidas","Licores y Alcoholes","Whisky","Whisky Bourbon","FOUR ROSES whisky bourbon botella 70 cl"],"general_information":["Cantidad Neta: 70 cl","Notas de cata Aroma afrutado, floral y especiado, con notas de miel y madera. Sabor dulce, afrutado (pera y manzana verde) y con notas de canela.\nFinal suave y levemente seco con un toque de madera"],"ingredients":[],"ean":"8410045104380"},{"full_name":"MAKER'S MARK bourbon whisky botella 70 cl","name":"bourbon whisky botella 70 cl","brand":"MAKER'S MARK ","img":"https://sgfm.elcorteingles.es/SGFM/dctm/MEDIA02/CONTENIDOS/201505/08/00118722900471____1__600x600.jpg","price":"26,61 €","price_unit":"(38,01 € / Litro)","categories":["Supermercado","Bebidas","Licores y Alcoholes","Whisky","Whisky Bourbon","MAKER'S MARK bourbon whisky botella 70 cl"],"general_information":["Cantidad Neta: 70 cl"],"ingredients":[],"ean":"8410854630162"},{"full_name":"JIM BEAM whisky bourbon americano botella 70 cl","name":"whisky bourbon americano botella 70 cl","brand":"JIM BEAM ","img":"https://sgfm.elcorteingles.es/SGFM/dctm/MEDIA03/201705/08/00118722900133____1__600x600.jpg","price":"12,10 €            ","price_unit":"(15,64 € / Litro)","categories":["Supermercado","Bebidas","Licores y Alcoholes","Whisky","Whisky Bourbon","JIM BEAM whisky bourbon americano botella 70 cl"],"general_information":["Cantidad Neta: 70 cl"],"ingredients":[],"ean":"5060045586834"},{"full_name":"JIM BEAM bourbon whisky Honey botella 70 cl","name":"bourbon whisky Honey botella 70 cl","brand":"JIM BEAM ","img":"https://sgfm.elcorteingles.es/SGFM/dctm/MEDIA03/201705/09/00118722900455____1__600x600.jpg","price":"11,98 €","price_unit":"(17,11 € / Litro)","categories":["Supermercado","Bebidas","Licores y Alcoholes","Whisky","Whisky Bourbon","JIM BEAM bourbon whisky Honey botella 70 cl"],"general_information":["Cantidad Neta: 70 cl"],"ingredients":[],"ean":"5060045583062"},{"full_name":"JIM BEAM Double oak bourbon whisky botella 70 cl","name":"Double oak bourbon whisky botella 70 cl","brand":"JIM BEAM ","img":"https://sgfm.elcorteingles.es/SGFM/dctm/MEDIA03/201605/25/00118722900521____1__600x600.jpg","price":"24,27 €","categories":["Supermercado","Bebidas","Licores y Alcoholes","Whisky","Whisky Bourbon","JIM BEAM Double oak bourbon whisky botella 70 cl"],"general_information":["Cantidad Neta: 70 cl"],"ingredients":[],"ean":"5060045586919"},{"full_name":"JACK DANIEL'S bourbon whisky Tennessee botella 70 cl","name":"bourbon whisky Tennessee botella 70 cl","brand":"JACK DANIEL'S ","img":"https://sgfm.elcorteingles.es/SGFM/dctm/MEDIA03/201710/17/00118722900141____3__600x600.jpg","price":"20,85 €            ","price_unit":"(27,07 € / Litro)","categories":["Supermercado","Bebidas","Licores y Alcoholes","Whisky","Whisky Bourbon","JACK DANIEL'S bourbon whisky Tennessee botella 70 cl"],"general_information":["Denominación del alimento: Whisky de Tennessee","País de origen: Estados Unidos","Nombre del operador: Import. Export. Varma S.A.","Dirección del operador: C/ La granja, 15 - Pol. Industrial Alcobendas. 28108 Alcobendas (Madrid) - España","Cantidad Neta: 700 Mililitros","Porcentaje de alcohol: 40.0%"],"ingredients":[" Agua y alcohol."],"ean":"5099873090473"},{"full_name":"JACK DANIEL'S Gentleman Jack bourbon whisky Tennessee botella 70 cl","name":"Gentleman Jack bourbon whisky Tennessee botella 70 cl","brand":"JACK DANIEL'S ","img":"https://sgfm.elcorteingles.es/SGFM/00/35/6/0118722900356/0118722900356000g01011.jpg","price":"41,22 €            ","categories":["Supermercado","Bebidas","Licores y Alcoholes","Whisky","Whisky Bourbon","JACK DANIEL'S Gentleman Jack bourbon whisky Tennessee botella 70 cl"],"general_information":["Cantidad Neta: 70 cl"],"ingredients":[],"ean":"5099873238752"},{"full_name":"JACK DANIEL'S Honey Tennesse whisky original botella 70 cl","name":"Honey Tennesse whisky original botella 70 cl","brand":"JACK DANIEL'S ","img":"https://sgfm.elcorteingles.es/SGFM/00/43/0/0118722900430/0118722900430000g01011.jpg","price":"21,40 €            ","price_unit":"(27,07 € / Litro)","categories":["Supermercado","Bebidas","Licores y Alcoholes","Whisky","Whisky Bourbon","JACK DANIEL'S Honey Tennesse whisky original botella 70 cl"],"general_information":["Cantidad Neta: 70 cl"],"ingredients":[],"ean":"5099873210642"},{"full_name":"JACK DANIEL'S whisky Red Dog Saloon botella 70 cl","name":"whisky Red Dog Saloon botella 70 cl","brand":"JACK DANIEL'S ","img":"https://sgfm.elcorteingles.es/SGFM/dctm/MEDIA03/201710/10/00118722900554____1__600x600.jpg","price":"24,50 €","categories":["Supermercado","Bebidas","Licores y Alcoholes","Whisky","Whisky Bourbon","JACK DANIEL'S whisky Red Dog Saloon botella 70 cl"],"general_information":["Cantidad Neta: 70 cl"],"ingredients":[],"ean":"5099873010570"},{"full_name":"KNOB Creek bourbon whisky Kentuchy botella 70 cl","name":"Creek bourbon whisky Kentuchy botella 70 cl","brand":"KNOB ","img":"https://sgfm.elcorteingles.es/SGFM/dctm/MEDIA02/CONTENIDOS/201512/17/00118722900505____1__600x600.jpg","price":"29,95 €","categories":["Supermercado","Bebidas","Licores y Alcoholes","Whisky","Whisky Bourbon","KNOB Creek bourbon whisky Kentuchy botella 70 cl"],"general_information":["Cantidad Neta: 70 cl"],"ingredients":[],"ean":"5060045580184"},{"full_name":"BULLEIT whisky Bourbon botella 70 cl","name":"whisky Bourbon botella 70 cl","brand":"BULLEIT ","img":"https://sgfm.elcorteingles.es/SGFM/dctm/MEDIA03/201611/11/00118722900513____2__600x600.jpg","price":"24,38 €","price_unit":"(34,83 € / Litro)","categories":["Supermercado","Bebidas","Licores y Alcoholes","Whisky","Whisky Bourbon","BULLEIT whisky Bourbon botella 70 cl"],"general_information":["Denominación del alimento: Whiskey - American","Nombre del operador: Diageo España S.A.","Dirección del operador: Av de la Victoria 32 - 28023 Madrid","Cantidad Neta: 70 Centilitros","Porcentaje de alcohol: 45%"],"ingredients":[],"ean":"5000281038018"},{"full_name":"DYC whisky botella 1 l","name":"whisky botella 1 l","brand":"DYC ","img":"https://sgfm.elcorteingles.es/SGFM/dctm/MEDIA03/201704/21/00118722900174____1__600x600.jpg","price":"12,35 €            ","price_unit":"(10,95 € / Litro)","categories":["Supermercado","Bebidas","Licores y Alcoholes","Whisky","Whisky nacional","DYC whisky botella 1 l"],"general_information":["Cantidad Neta: 1 l"],"ingredients":[],"ean":"8410854526496"},{"full_name":"DYC whisky botella 70 cl","name":"whisky botella 70 cl","brand":"DYC ","img":"https://sgfm.elcorteingles.es/SGFM/dctm/MEDIA03/201704/21/00118722900026____1__600x600.jpg","price":"8,75 €            ","price_unit":"(11,36 € / Litro)","categories":["Supermercado","Bebidas","Licores y Alcoholes","Whisky","Whisky nacional","DYC whisky botella 70 cl"],"general_information":["Denominación del alimento: Whisky","Nombre del operador: Maxxium España, S.L","Dirección del operador: C/ Mahonia, 2 - 28043 Madrid","Cantidad Neta: 70 Centilitros","Porcentaje de alcohol: 40.0%"],"ingredients":[],"ean":"8410854023452"},{"full_name":"DYC whisky 8 años botella 1 l","name":"whisky 8 años botella 1 l","brand":"DYC ","img":"https://sgfm.elcorteingles.es/SGFM/dctm/MEDIA03/201705/08/00118722900463____3__600x600.jpg","price":"16,64 €","price_unit":"(16,64 € / Litro)","categories":["Supermercado","Bebidas","Licores y Alcoholes","Whisky","Whisky nacional","DYC whisky 8 años botella 1 l"],"general_information":["Denominación del alimento: Whisky 8 años","Nombre del operador: Maxxium España, S.L","Dirección del operador: C/ Mahonia, 2 - 28043 Madrid","Cantidad Neta: 100,0 Centilitros","Porcentaje de alcohol: 40,0%"],"ingredients":[],"ean":"8410854525079"},{"full_name":"DYC whisky reserva 8 años botella 70 cl","name":"whisky reserva 8 años botella 70 cl","brand":"DYC ","img":"https://sgfm.elcorteingles.es/SGFM/dctm/MEDIA03/201711/29/00118722900042____11__600x600.jpg","price":"10,75 €","price_unit":"(15,36 € / Litro)","categories":["Supermercado","Bebidas","Licores y Alcoholes","Whisky","Whisky nacional","DYC whisky reserva 8 años botella 70 cl"],"general_information":["Denominación del alimento: Whisky 8 años","Nombre del operador: Maxxium España, S.L","Dirección del operador: C/ Mahonia, 2 - 28043 Madrid","Cantidad Neta: 70 Centilitros","Porcentaje de alcohol: 40.0%"],"ingredients":[],"ean":"8410854012319"},{"full_name":"DYC whisky de malta botella 70 cl","name":"whisky de malta botella 70 cl","brand":"DYC ","img":"https://sgfm.elcorteingles.es/SGFM/dctm/MEDIA03/201704/21/00118722900232____1__600x600.jpg","price":"14,47 €","price_unit":"(20,67 € / Litro)","categories":["Supermercado","Bebidas","Licores y Alcoholes","Whisky","Whisky nacional","DYC whisky de malta botella 70 cl"],"general_information":["Denominación del alimento: Whisky malta","Nombre del operador: Maxxium España, S.L","Dirección del operador: C/ Mahonia, 2 - 28043 Madrid","Cantidad Neta: 70 Centilitros","Porcentaje de alcohol: 40.0%"],"ingredients":[],"ean":"8410854523891"},{"full_name":"DYC whisky nacional botella 1,5 l","name":"whisky nacional botella 1,5 l","brand":"DYC ","img":"https://sgfm.elcorteingles.es/SGFM/dctm/MEDIA03/201705/08/00118722900489____2__600x600.jpg","price":"16,45 €","price_unit":"(10,97 € / Litro)","categories":["Supermercado","Bebidas","Licores y Alcoholes","Whisky","Whisky nacional","DYC whisky nacional botella 1,5 l"],"general_information":["Denominación del alimento: Whisky","Nombre del operador: Maxxium España, S.L","Dirección del operador: C/ Mahonia, 2 - 28043 Madrid","Cantidad Neta: 150 Centilitros","Porcentaje de alcohol: 40.0%"],"ingredients":[],"ean":"8410854023469"},{"full_name":"DOBLE V whisky botellas 70 cl","name":"whisky botellas 70 cl","brand":"DOBLE V ","img":"https://sgfm.elcorteingles.es/SGFM/00/03/4/0118722900034/0118722900034000g01011.jpg","price":"8,67 €","price_unit":"(12,39 € / Litro)","categories":["Supermercado","Bebidas","Licores y Alcoholes","Whisky","Whisky nacional","DOBLE V whisky botellas 70 cl"],"general_information":["Denominación del alimento: Whisky","País de origen: España","Nombre del operador: Pernod Ricard España","Dirección del operador: Avda. José Ortega y Gasset, 201 ? 5ª Planta   29006 MALAGA","Cantidad Neta: 70 Centilitros","Porcentaje de alcohol: 40%","Otras menciones obligatorias en la etiqueta: No contiene ninguna de las sustancias o productos que causan alergias o intolerancias recogidos en el anexo II del Reglamento 1169/2011. Nuestros productos están etiquetados de acuerdo a las reglas legales y de mercado sobre etiquetado de bebidas espirituosas","Notas de cata Fue elaborado por primera vez por el canadiense Hiram Walker en España. El whisky se destila con varios whisky de malta fermentada de Escocia y posteriormente es envejecido en barricas de roble blanco, donde consigue su buqué.","Gastronomía-Platos recomendados Se recomienda tomar combinándolo con refrescos de cola o ginger ale."],"ingredients":[],"conservation":" Conservar alejada de luces intensas y en lugares con temperatura fresca y constante, en posición vertical.","ean":"8410725090101"},{"full_name":"EMBRUJO de Granada whisky puro de malta botella 70 cl","name":"de Granada whisky puro de malta botella 70 cl","brand":"EMBRUJO ","img":"https://sgfm.elcorteingles.es/SGFM/dctm/MEDIA02/CONTENIDOS/201407/03/00118722900216____2__600x600.jpg","price":"30,56 €            ","price_unit":"(36,36 € / Litro)","categories":["Supermercado","Bebidas","Licores y Alcoholes","Whisky","Whisky nacional","EMBRUJO de Granada whisky puro de malta botella 70 cl"],"general_information":["Denominación del alimento: Whisky","Nombre del operador: Destileria y dist. Liber, S.L.","Dirección del operador: C/Mulhacén Pol. Ind. La Paloma -18640 Padul (Granada)","Cantidad Neta: 70,0 Centilitros","Porcentaje de alcohol: 40,0%"],"ingredients":[],"ean":"8437003085215"},{"full_name":"NIKKA whisky from the barrel japonés botella 50 cl","name":"whisky from the barrel japonés botella 50 cl","brand":"NIKKA ","img":"https://sgfm.elcorteingles.es/SGFM/dctm/MEDIA03/201606/01/00118720401407____1__600x600.jpg","price":"40,20 €","categories":["Supermercado","Bebidas","Licores y Alcoholes","Whisky","Whisky diverso","NIKKA whisky from the barrel japonés botella 50 cl"],"general_information":["Cantidad Neta: 50 cl"],"ingredients":[],"ean":"3700597302378"},{"full_name":"CANADIAN CLUB whisky botella 70 cl","name":"whisky botella 70 cl","brand":"CANADIAN CLUB ","img":"https://sgfm.elcorteingles.es/SGFM/dctm/MEDIA02/CONTENIDOS/201411/19/00118722900018____1__600x600.jpg","price":"18,63 €","price_unit":"(26,61 € / Litro)","categories":["Supermercado","Bebidas","Licores y Alcoholes","Whisky","Whisky diverso","CANADIAN CLUB whisky botella 70 cl"],"general_information":["Cantidad Neta: 70 cl"],"ingredients":[],"ean":"0089540100128"},{"full_name":"BALLANTINE'S Brasil bebida espirituosa refrescante de whisky escocés\ncon toque a lima botella 70 cl","name":"Brasil bebida espirituosa refrescante de whisky escocés\ncon toque a lima botella 70 cl","brand":"BALLANTINE'S ","img":"https://sgfm.elcorteingles.es/SGFM/dctm/MEDIA03/201608/31/00118721001883____1__600x600.jpg","price":"14,05 €            ","price_unit":"(15,84 € / Litro)","categories":["Supermercado","Bebidas","Licores y Alcoholes","Whisky","Whisky diverso","BALLANTINE'S Brasil bebida espirituosa refrescante de whisky escocés\ncon toque a lima botella 70 cl"],"general_information":["Denominación del alimento: Bebida espirituosa hecha a base de Whisky","País de origen: Reino Unido","Nombre del operador: Pernod Ricard España","Dirección del operador: Avda. José Ortega y Gasset, 201 ? 5ª Planta   29006 MALAGA","Cantidad Neta: 70 Centilitros","Porcentaje de alcohol: 40%","Otras menciones obligatorias en la etiqueta: No contiene ninguna de las sustancias o productos que causan alergias o intolerancias recogidos en el anexo II del Reglamento 1169/2011. Nuestros productos están etiquetados de acuerdo a las reglas legales y de mercado sobre etiquetado de bebidas espirituosas","Notas de cata Aroma atractivo y sugerente. La frescura de los cítricos se funde con el dulzor de la vainilla y la cremosidad del whisky escocés. Su sabor es Dulce y agradable, tiene un vibrante dulzor de vainilla y frescor de lima.Tiene carácter con toques de vainilla y lima. Es equilibrado y cremoso. Su color es dorado brillante y luminoso. Tiene un final de un fuerte sabor a lima fresca, suave y fresco"],"ingredients":[],"conservation":" Conservar alejada de luces intensas y en lugares con temperatura fresca y constante, en posición vertical.","ean":"5000299603567"}]