[{"full_name":"EL CORTE INGLES yogur líquido natural azucarado envase 750 ml","name":"yogur líquido natural azucarado envase 750 ml","brand":"EL CORTE INGLES ","img":"https://sgfm.elcorteingles.es/SGFM/dctm/MEDIA03/201701/16/00118820502930____2__600x600.jpg","price":"1,00 €","price_unit":"(1,33 € / Kilo)","categories":["Supermercado","Lácteos","Yogures","Yogures líquidos","EL CORTE INGLES yogur líquido natural azucarado envase 750 ml"],"general_information":["Denominación del alimento: YOGUR LIQUIDO NATURAL AZUCARADO","Nombre del operador: Elaborado para El Corte Inglés por\nL.N.P.L.R Guadalajara, S.L \nC /Hernán Cortés, s/n (Poligono Henares)\n 19180 Marchamalo (Guadalajara) - España","Cantidad Neta: 750 g","Número de raciones por envase: 5"],"ingredients":[" Ingredientes: \nLeche parcialmente desnatada, azúcar (9.3%), proteínas de leche y lactosa y fermentos lácticos."],"conservation":" Conservar en frio entre 1ºC y 8ºC. \nUna vez abierto, consumir en un plazo de 3 días.","ean":"8433329076616"},{"full_name":"EL CORTE INGLES yogur líquido natural con azúcar de caña envase 750 ml","name":"yogur líquido natural con azúcar de caña envase 750 ml","brand":"EL CORTE INGLES ","img":"https://sgfm.elcorteingles.es/SGFM/dctm/MEDIA03/201610/05/00118820502906____1__600x600.jpg","price":"1,00 €","price_unit":"(1,33 € / Kilo)","categories":["Supermercado","Lácteos","Yogures","Yogures líquidos","EL CORTE INGLES yogur líquido natural con azúcar de caña envase 750 ml"],"general_information":["Denominación del alimento: YOGUR LIQUIDO NATURAL AZUCARADO\nCON AZUCAR DE CAÑA","Nombre del operador: Elaborado para El Corte Inglés por\nL.N.P.L.R Guadalajara, S.L \nC /Hernán Cortés, s/n (Poligono Henares)\n 19180 Marchamalo (Guadalajara) - España","Cantidad Neta: 750 g","Número de raciones por envase: 5"],"ingredients":[" Ingredientes: \nLeche parcialmente desnatada, azúcar de caña (9.3%), proteínas de leche y lactosa y fermentos lácticos."],"conservation":" Conservar en frio entre 1ºC y 8ºC. \nUna vez abierto, consumir en un plazo de 3 días.","ean":"8433329067911"},{"full_name":"EL CORTE INGLES yogur líquido azucarado con piña y coco envase 750 ml","name":"yogur líquido azucarado con piña y coco envase 750 ml","brand":"EL CORTE INGLES ","img":"https://sgfm.elcorteingles.es/SGFM/dctm/MEDIA03/201610/05/00118820502880____6__600x600.jpg","price":"1,00 €","categories":["Supermercado","Lácteos","Yogures","Yogures líquidos","EL CORTE INGLES yogur líquido azucarado con piña y coco envase 750 ml"],"general_information":["Denominación del alimento: YOGUR LIQUIDO AZUCARADO\nCON PIÑA Y COCO","Nombre del operador: Elaborado para El Corte Inglés por\nL.N.P.L.R Guadalajara, S.L \nC /Hernán Cortés, s/n (Poligono Henares)\n 19180 Marchamalo (Guadalajara) - España","Cantidad Neta: 750 g","Número de raciones por envase: 5"],"ingredients":[" Ingredientes: \nLeche parcialmente desnatada, azúcar (9,4%), piña y coco (1.1%), proteínas de leche y lactosa, almidón modificado (E 1422), aroma, correctores de acidez (E 330, E 331, E 333), espesante (E 440), fermentos lácticos."],"conservation":" Conservar en frio entre 1ºC y 8ºC. \nUna vez abierto, consumir en un plazo de 3 días.","ean":"8433329067904"},{"full_name":"EL CORTE INGLES yogur líquido sabor fresa envase 750 ml","name":"yogur líquido sabor fresa envase 750 ml","brand":"EL CORTE INGLES ","img":"https://sgfm.elcorteingles.es/SGFM/dctm/MEDIA03/201701/04/00118820502922____1__600x600.jpg","price":"1,00 €","price_unit":"(1,33 € / Litro)","categories":["Supermercado","Lácteos","Yogures","Yogures líquidos","EL CORTE INGLES yogur líquido sabor fresa envase 750 ml"],"general_information":["Denominación del alimento: YOGUR LÍQUIDO AZUCARADO CON FRESA","Nombre del operador: Elaborado para El Corte Inglés por\nL.N.P.L.R Guadalajara, S.L \nC /Hernán Cortés, s/n (Poligono Henares)\n 19180 Marchamalo (Guadalajara) - España","Cantidad Neta: 750 g","Número de raciones por envase: 5"],"ingredients":[" INGREDIENTES:\n\nLeche parcialmente desnatada, azúcar (9,4%), fresa (1%), leche en polvo, almidón  modificado (E 1442),  aroma, correctores de acidez (E 330, E 331, E 333), espesante (E 440), fermentos lácticos, colorante (E 120)."],"conservation":" Conservar en frio entre 1ºC y 8ºC. \nUna vez abierto, consumir en un plazo de 3 días.","ean":"8433329067881"},{"full_name":"EL CORTE INGLES yogur líquido con fresa y plátano envase 750 ml","name":"yogur líquido con fresa y plátano envase 750 ml","brand":"EL CORTE INGLES ","img":"https://sgfm.elcorteingles.es/SGFM/dctm/MEDIA03/201610/05/00118820502914____1__600x600.jpg","price":"1,00 €","price_unit":"(1,33 € / Kilo)","categories":["Supermercado","Lácteos","Yogures","Yogures líquidos","EL CORTE INGLES yogur líquido con fresa y plátano envase 750 ml"],"general_information":["Denominación del alimento: YOGUR LÍQUIDO AZUCARADO CON FRESA Y PLÁTANO","Nombre del operador: Elaborado para El Corte Inglés por\nL.N.P.L.R Guadalajara, S.L \nC /Hernán Cortés, s/n (Poligono Henares)\n 19180 Marchamalo (Guadalajara) - España","Cantidad Neta: 750 g","Número de raciones por envase: 5"],"ingredients":[" INGREDIENTES:\n\nLeche parcialmente desnatada, azúcar (9,4%), fresa y plátano (1%), leche en polvo, almidón  modificado (E 1442),  aroma, correctores de acidez (E 330, E 331, E 333), espesante (E 440), fermentos lácticos."],"conservation":" Conservar en frio entre 1ºC y 8ºC. \nUna vez abierto, consumir en un plazo de 3 días.","ean":"8433329067898"},{"full_name":"EL CORTE INGLES yogur líquido sabor fresa pack 4 unidades 180 g","name":"yogur líquido sabor fresa pack 4 unidades 180 g","brand":"EL CORTE INGLES ","img":"https://sgfm.elcorteingles.es/SGFM/dctm/MEDIA03/201610/05/00118820502898____1__600x600.jpg","price":"1,15 €","price_unit":"(1,60 € / Kilo)","categories":["Supermercado","Lácteos","Yogures","Yogures líquidos","EL CORTE INGLES yogur líquido sabor fresa pack 4 unidades 180 g"],"general_information":["Denominación del alimento: YOGUR LIQUIDO AZUCARADO\nCON FRESA","Nombre del operador: Elaborado para El Corte Inglés por\nL.N.P.L.R Guadalajara, S.L \nC /Hernán Cortés, s/n (Poligono Henares)\n 19180 Marchamalo (Guadalajara) - España","Cantidad Neta: 720 g","Número de raciones por envase: 4"],"ingredients":[" Ingredientes: \nLeche parcialmente desnatada, azúcar (9,4%), fresa (1%), proteínas de leche y lactosa, almidón modificado de maíz, aroma, correctores de acidez (E 330, E 331, E 333), espesante (E 440), colorante (E 120), fermentos lácticos."],"conservation":" Conservar en frío entre 1ºC y 8ºC","ean":"8433329067928"},{"full_name":"DANONE yogur para líquido sabor fresa botella 550 g","name":"yogur para líquido sabor fresa botella 550 g","brand":"DANONE ","img":"https://sgfm.elcorteingles.es/SGFM/dctm/MEDIA03/201611/30/00118820502641____7__600x600.jpg","price":"1,46 €","price_unit":"(2,65 € / Kilo)","categories":["Supermercado","Lácteos","Yogures","Yogures líquidos","DANONE yogur para líquido sabor fresa botella 550 g"],"general_information":["Denominación del alimento: Leche fermentada semidesnatada sabor a fresa","Nombre del operador: Danone S.A.","Dirección del operador: Buenos Aires, 21 - 08029 BARCELONA","Cantidad Neta: 550 g"],"ingredients":[" Leche pasteurizada, leche pasteurizada desnatada rehidratada, agua, azúcar, jarabe de glucosa y fructosa, fructosa, estabilizador (pectina), aromas, fermentos lácticos y colorante (carmines).Puede contener trazas de cereales con gluten."],"conservation":" Consérvese en frío entre 2°C y 6°C","ean":"8410500018054"},{"full_name":"DANONE yogur líquido sabor fresa y plátano botella 550 g","name":"yogur líquido sabor fresa y plátano botella 550 g","brand":"DANONE ","img":"https://sgfm.elcorteingles.es/SGFM/dctm/MEDIA03/201611/30/00118820502658____7__600x600.jpg","price":"1,46 €","price_unit":"(2,65 € / Kilo)","categories":["Supermercado","Lácteos","Yogures","Yogures líquidos","DANONE yogur líquido sabor fresa y plátano botella 550 g"],"general_information":["Denominación del alimento: Leche fermentada semidesnatada sabor a fresa plátano","Nombre del operador: Danone S.A","Dirección del operador: Buenos Aires, 21 - 08029 BARCELONA","Cantidad Neta: 550 g"],"ingredients":[" Leche pasteurizada, leche pasteurizada desnatada rehidratada, agua, azúcar, jarabe de glucosa y fructosa, fructosa, estabilizador (pectina), aromas, fermentos lácticos y colorantes (carmines y carotenos). Puede contener trazas de cereales con gluten."],"conservation":" Consérvese en frío entre 2°C y 6°C","ean":"8410500018061"},{"full_name":"NESTLE yogur líquido natural con azúcar de caña botella 660 ml","name":"yogur líquido natural con azúcar de caña botella 660 ml","brand":"NESTLE ","img":"https://sgfm.elcorteingles.es/SGFM/dctm/MEDIA02/CONTENIDOS/201505/08/00118820502807____1__600x600.jpg","price":"1,45 €","price_unit":"(2,20 € / Litro)","categories":["Supermercado","Lácteos","Yogures","Yogures líquidos","NESTLE yogur líquido natural con azúcar de caña botella 660 ml"],"general_information":[],"ingredients":[],"ean":"8435257039985"},{"full_name":"NESTLE yogur líquido con fresa botella 660 ml","name":"yogur líquido con fresa botella 660 ml","brand":"NESTLE ","img":"https://sgfm.elcorteingles.es/SGFM/dctm/MEDIA02/CONTENIDOS/201503/17/00118820502724____1__600x600.jpg","price":"1,45 €","price_unit":"(2,20 € / Litro)","categories":["Supermercado","Lácteos","Yogures","Yogures líquidos","NESTLE yogur líquido con fresa botella 660 ml"],"general_information":["Denominación del alimento: Yogur con fresa semidesnatado","Nombre del operador: Lactalis Nestlé PLRI","Dirección del operador: Avda de la Fama 16-20, Cornella de Llobregat, 08940 Barcelona","Cantidad Neta: 660 Mililitros"],"ingredients":[],"conservation":" conservar en frio de 1-8°C","ean":"8435257040011"},{"full_name":"NESTLE yogur líquido con fresa y plátano botella 660 ml","name":"yogur líquido con fresa y plátano botella 660 ml","brand":"NESTLE ","img":"https://sgfm.elcorteingles.es/SGFM/dctm/MEDIA02/CONTENIDOS/201503/11/00118820502732000_1__600x600.jpg","price":"1,45 €","price_unit":"(2,20 € / Litro)","categories":["Supermercado","Lácteos","Yogures","Yogures líquidos","NESTLE yogur líquido con fresa y plátano botella 660 ml"],"general_information":["Denominación del alimento: Yogur con fresa y plátano semidesnatado","Nombre del operador: Lactalis Nestlé PLRI","Dirección del operador: Avda de la Fama 16-20, Cornella de Llobregat, 08940 Barcelona","Cantidad Neta: 660 Mililitros"],"ingredients":[],"conservation":" conservar en frio de 1-8°C","ean":"8435257040042"},{"full_name":"NESTLE yogur líquido con piña y coco botella 660 ml","name":"yogur líquido con piña y coco botella 660 ml","brand":"NESTLE ","img":"https://sgfm.elcorteingles.es/SGFM/dctm/MEDIA03/201604/27/00118820502872____1__600x600.jpg","price":"1,45 €","price_unit":"(2,20 € / Litro)","categories":["Supermercado","Lácteos","Yogures","Yogures líquidos","NESTLE yogur líquido con piña y coco botella 660 ml"],"general_information":[],"ingredients":[],"ean":"8435257040073"},{"full_name":"NESTLE yogur líquido con melocotón y mango botella 660 ml","name":"yogur líquido con melocotón y mango botella 660 ml","brand":"NESTLE ","img":"https://sgfm.elcorteingles.es/SGFM/dctm/MEDIA03/201604/27/00118820502864____1__600x600.jpg","price":"1,45 €","price_unit":"(2,20 € / Litro)","categories":["Supermercado","Lácteos","Yogures","Yogures líquidos","NESTLE yogur líquido con melocotón y mango botella 660 ml"],"general_information":["Denominación del alimento: Yogur con melocotón y mango semidesnatado","Nombre del operador: Lactalis Nestlé PLRI","Dirección del operador: Avda de la Fama 16-20, Cornella de Llobregat, 08940 Barcelona","Cantidad Neta: 660 Mililitros"],"ingredients":[],"conservation":" conservar en frio de 1-8°C","ean":"8435257040103"},{"full_name":"NESTLE yogur líquido con cereales botella 654 ml","name":"yogur líquido con cereales botella 654 ml","brand":"NESTLE ","img":"https://sgfm.elcorteingles.es/SGFM/dctm/MEDIA03/201705/17/00118820502948____1__600x600.jpg","price":"1,45 €","price_unit":"(2,22 € / Litro)","categories":["Supermercado","Lácteos","Yogures","Yogures líquidos","NESTLE yogur líquido con cereales botella 654 ml"],"general_information":["Denominación del alimento: Yogur con cereales semidesnatado","Nombre del operador: Lactalis Nestlé PLRI","Dirección del operador: Avda de la Fama 16-20, Cornella de Llobregat, 08940 Barcelona","Cantidad Neta: 654 Mililitros"],"ingredients":[],"conservation":" conservar en frio de 1-8°C","ean":"8435257036724"},{"full_name":"NESTLE SVELTESSE DUO yogur líquido desnatado con fresa y kiwi 0% botella 680 ml","name":"yogur líquido desnatado con fresa y kiwi 0% botella 680 ml","brand":"NESTLE SVELTESSE DUO ","img":"https://sgfm.elcorteingles.es/SGFM/dctm/MEDIA03/201705/17/00118820502955____1__600x600.jpg","price":"1,69 €","price_unit":"(2,49 € / Litro)","categories":["Supermercado","Lácteos","Yogures","Yogures líquidos","NESTLE SVELTESSE DUO yogur líquido desnatado con fresa y kiwi 0% botella 680 ml"],"general_information":["Denominación del alimento: Yogur con fresa y kiwi desnatado. Contiene edulcorantes.","Nombre del operador: Lactalis Nestlé PLRI","Dirección del operador: Avda de la Fama 16-20, Cornella de Llobregat, 08940 Barcelona","Cantidad Neta: 680 Mililitros"],"ingredients":[],"conservation":" conservar en frio de 1-8°C","ean":"8435257036328"},{"full_name":"NESTLE SVELTESSE DUO yogur líquido desnatado con lima y limón 0% botella 680 ml","name":"yogur líquido desnatado con lima y limón 0% botella 680 ml","brand":"NESTLE SVELTESSE DUO ","img":"https://sgfm.elcorteingles.es/SGFM/dctm/MEDIA03/201705/17/00118820502963____1__600x600.jpg","price":"1,69 €","price_unit":"(2,49 € / Litro)","categories":["Supermercado","Lácteos","Yogures","Yogures líquidos","NESTLE SVELTESSE DUO yogur líquido desnatado con lima y limón 0% botella 680 ml"],"general_information":["Denominación del alimento: Yogur con limón y lima desnatado. Contiene edulcorantes.","Nombre del operador: Lactalis Nestlé PLRI","Dirección del operador: Avda de la Fama 16-20, Cornella de Llobregat, 08940 Barcelona","Cantidad Neta: 680 Mililitros"],"ingredients":[],"conservation":" conservar en frio de 1-8°C","ean":"8435257036359"},{"full_name":"KAIKU ACTIF yogur líquido natural pack 6 unds. 65 ml","name":"yogur líquido natural pack 6 unds. 65 ml","brand":"KAIKU ACTIF ","img":"https://sgfm.elcorteingles.es/SGFM/dctm/MEDIA03/201609/27/00118823200599____2__600x600.jpg","price":"2,89 €","price_unit":"(44,46 € / Litro)","categories":["Supermercado","Lácteos","Yogures","Yogures líquidos","KAIKU ACTIF yogur líquido natural pack 6 unds. 65 ml"],"general_information":["Denominación del alimento: Leche desnatada fermentada con LGG (Lactobacillus Gorbach y Goldin), enriquecida en ácido fólico y vitamina B6. Con azúcares y edulcorante.","País de origen: España","Nombre del operador: Kaiku Corporación Alimentaria S.L.","Dirección del operador: Paseo de Mikeletegi 55; 20009 San Sebatian (Guipuzcoa)","Cantidad Neta: 390 Mililitros","Número de raciones por envase: 6","Otras menciones obligatorias en la etiqueta: Contiene vitaminas B6 y B9 que contribuyen a un funcionamiento normal del sistema inmunitario.# Una dieta variada y sana te ayudará a sentirte bien cada día, siendo recomendable realizar ejercicio, siempre adaptado a tu condición física."],"ingredients":[" Leche desnatada, agua, azúcares (azúcar, jarabe de glucosa y jarabe de azúcar caramelizado), leche en polvo desnatada, almidón modificado, zumo de limón concentrado, edulcorante (sucralosa), fibra alimentaria (oligo-fructosa), vitaminas (B6 y ácido fólico), LGG y otros fermentos lácticos."],"conservation":" Conservar en frío (entre 1°C y 8°C)","ean":"8410981046690"},{"full_name":"KAIKU ACTIF yogur líquido sabor fresa pack 6 unds. 65 ml","name":"yogur líquido sabor fresa pack 6 unds. 65 ml","brand":"KAIKU ACTIF ","img":"https://sgfm.elcorteingles.es/SGFM/dctm/MEDIA03/201609/27/00118823200607____1__600x600.jpg","price":"2,89 €","price_unit":"(44,46 € / Litro)","categories":["Supermercado","Lácteos","Yogures","Yogures líquidos","KAIKU ACTIF yogur líquido sabor fresa pack 6 unds. 65 ml"],"general_information":["Denominación del alimento: Leche desnatada fermentada con LGG (Lactobacillus Gorbach y Goldin), con zumo de fresa, enriquecida en ácido fólico y vitamina B6.","País de origen: España","Nombre del operador: Kaiku Corporación Alimentaria S.L.","Dirección del operador: Paseo de Mikeletegi 55; 20009 San Sebatian (Guipuzcoa)","Cantidad Neta: 390 Mililitros","Número de raciones por envase: 6","Otras menciones obligatorias en la etiqueta: Contiene vitaminas B6 y B12 que contribuyen a un funcionamiento normal del sistema inmunitario.# Una dieta variada y sana te ayudará a sentirte bien cada día, siendo recomendable realizar ejercicio, siempre adaptado a tu condición física."],"ingredients":[" Leche desnatada, azúcares (sacarosa, dextrosa y jarabe de glucosa), zumo de fresa (5,5%), zumo de limón, fibra alimentaria (oligofructosa), leche en polvo desnatada y/o proteínas de la leche, espesante (pectina), colorante natural (rojo remolacha), aroma, vitamina B6, ácido fólico, LGG y otros fermentos lácticos."],"conservation":" Conservar en frío (entre 1°C y 8°C)","ean":"8410981046492"},{"full_name":"YARANZA kéfir de cabra botella 1000 g","name":"kéfir de cabra botella 1000 g","brand":"YARANZA ","img":"https://sgfm.elcorteingles.es/SGFM/dctm/MEDIA02/CONTENIDOS/201503/11/00118823401122000_1__600x600.jpg","price":"3,65 €","price_unit":"(3,65 € / Kilo)","categories":["Supermercado","Lácteos","Yogures","Yogures líquidos","YARANZA kéfir de cabra botella 1000 g"],"general_information":["Denominación del alimento: Kéfir Cabra","Nombre del operador: Lácteos Yaranza, S.L.","Dirección del operador: Carretera Corbillos, 20 - 24227 Valdelafuente (León)","Cantidad Neta: 1,0 Litros"],"ingredients":[" Leche de vaca, y fermetnos lácteos (Lactococcus Lactis,Leuconostoc sp., Streptococcus thermophilus, Lactobacillus sp. y levaduras de kéfir). Contiene leche y sus derivados (incluida la lactosa). Puede contener trazas de frutos de cáscara, restos de la linea de producción."],"conservation":" Refrigeración entre 1°C y 8°C . Una vez abierto, consumir antes de una semana, siempre que no se supere la fecha de caducidad.","ean":"8435143310037"},{"full_name":"YARANZA kéfir de cabra desnatado envase 1000 g","name":"kéfir de cabra desnatado envase 1000 g","brand":"YARANZA ","img":"https://sgfm.elcorteingles.es/SGFM/dctm/MEDIA03/201703/28/00118823401338____1__600x600.jpg","price":"3,65 €","price_unit":"(3,65 € / Litro)","categories":["Supermercado","Lácteos","Yogures","Yogures líquidos","YARANZA kéfir de cabra desnatado envase 1000 g"],"general_information":["Denominación del alimento: Leche fermentada natural desnatada","Nombre del operador: Lácteos Yaranza S.L.","Dirección del operador: Ctra. Corbillos, 20, 24227 Valdelafuente, León.","Cantidad Neta: 1 Litros","Otras menciones obligatorias en la etiqueta: Sin colorantes ni conservantes artificiales."],"ingredients":[" Leche desnatada pasteurizada de cabra y fermentos lácticos de kéfir. Contiene trazas de frutos secos."],"conservation":" Conservar entre 1°C y 8°C","ean":"8435143310082"},{"full_name":"YARANZA kéfir con arándanos envase 500 g","name":"kéfir con arándanos envase 500 g","brand":"YARANZA ","img":"https://sgfm.elcorteingles.es/SGFM/dctm/MEDIA03/201703/28/00118823401361____1__600x600.jpg","price":"2,36 €","price_unit":"(4,72 € / Kilo)","categories":["Supermercado","Lácteos","Yogures","Yogures líquidos","YARANZA kéfir con arándanos envase 500 g"],"general_information":["Denominación del alimento: Kéfir con arándanos","Nombre del operador: Lácteos Yaranza S.L.","Dirección del operador: Ctra. Corbillos, 20, 24227 Valdelafuente, León.","Cantidad Neta: 500 g","Otras menciones obligatorias en la etiqueta: Elaborado con leche fresca de ganadería selecta. Sin gluten."],"ingredients":[" Leche pasteurizada de vaca, azúcar, puré de arándanos 5% (azúcar, arándanos, agua, almidón mod. de maíz, concentrado de arándanos, aroma natural de arándanos) y fermentos lácticos."],"conservation":" Conservar entre 1°C y 8°C","ean":"8435143310075"},{"full_name":"YARANZA kéfir con limón envase 500 g","name":"kéfir con limón envase 500 g","brand":"YARANZA ","img":"https://sgfm.elcorteingles.es/SGFM/dctm/MEDIA03/201703/28/00118823401353____1__600x600.jpg","price":"2,36 €","price_unit":"(4,72 € / Kilo)","categories":["Supermercado","Lácteos","Yogures","Yogures líquidos","YARANZA kéfir con limón envase 500 g"],"general_information":["Denominación del alimento: Kéfir con limón","Nombre del operador: Lácteos Yaranza S.L.","Dirección del operador: Ctra. Corbillos, 20, 24227 Valdelafuente, León.","Cantidad Neta: 500 g","Otras menciones obligatorias en la etiqueta: Elaborado con leche fresca de ganadería selecta. Sin gluten."],"ingredients":[" Leche pasteurizada de vaca, azúcar, puré de limón 5% (azúcar, zumo de limón, agua, trozos de limón, almidón mod. de maíz, aroma natural de limón) y fermentos lácticos."],"conservation":" Conservar entre 1°C y 8°C","ean":"8435143310068"},{"full_name":"YARANZA kéfir con fresas envase 500 g","name":"kéfir con fresas envase 500 g","brand":"YARANZA ","img":"https://sgfm.elcorteingles.es/SGFM/dctm/MEDIA03/201703/28/00118823401346____1__600x600.jpg","price":"2,36 €","price_unit":"(4,72 € / Kilo)","categories":["Supermercado","Lácteos","Yogures","Yogures líquidos","YARANZA kéfir con fresas envase 500 g"],"general_information":["Denominación del alimento: Kéfir con fresas","Nombre del operador: Lácteos Yaranza S.L.","Dirección del operador: Ctra. Corbillos, 20, 24227 Valdelafuente, León.","Cantidad Neta: 500 g","Otras menciones obligatorias en la etiqueta: Elaborado con leche fresca de ganadería selecta. Sin gluten."],"ingredients":[" Leche pasterizada de vaca, azúcar, puré de fresas 5% ( azúcar, fresas, concentrado de fresas, almidón mod. de maíz, zumo de remolacha, aroma natural de fresas) y fermentos lácticos. Contiene frutos secos."],"conservation":" Conservar entre 1°C y 8°C","ean":"8435143310051"},{"full_name":"YARANZA kéfir de vaca envase 500 g","name":"kéfir de vaca envase 500 g","brand":"YARANZA ","img":"https://sgfm.elcorteingles.es/SGFM/dctm/MEDIA03/201703/28/00118823401320____1__600x600.jpg","price":"1,79 €","price_unit":"(3,58 € / Kilo)","categories":["Supermercado","Lácteos","Yogures","Yogures líquidos","YARANZA kéfir de vaca envase 500 g"],"general_information":["Denominación del alimento: Kéfir","Nombre del operador: Lácteos Yaranza S.L.","Dirección del operador: Ctra. Corbillos, 20, 24227 Valdelafuente, León.","Cantidad Neta: 500 g","Otras menciones obligatorias en la etiqueta: Elaborado con leche fresca de ganadería selecta. Sin gluten."],"ingredients":[" Leche pasterizada de vaca y fermentos lácticos de kéfir."],"conservation":" Conservar entre 1°C y 8°C","ean":"8435143310044"},{"full_name":"YARANZA yogur batido con arándanos botella 500 g","name":"yogur batido con arándanos botella 500 g","brand":"YARANZA ","img":"https://sgfm.elcorteingles.es/SGFM/dctm/MEDIA03/201709/21/00118820500959____1__600x600.jpg","price":"2,25 €","price_unit":"(4,50 € / Kilo)","categories":["Supermercado","Lácteos","Yogures","Yogures líquidos","YARANZA yogur batido con arándanos botella 500 g"],"general_information":["Denominación del alimento: Yogur Arándanos","Nombre del operador: Lácteos Yaranza, S.L.","Dirección del operador: Carretera Corbillos, 20 - 24227 Valdelafuente (León)","Cantidad Neta: 500,0 g"],"ingredients":[" Leche de vaca, azúcar, puré de arándanos (Sacarosa, arándanos, agua, almidón modificado de maíz, concentrado de arándanos, aromas naturales), leche en polvo desnatada y fermentos lácteos (Streptococcus thermophilus y Lactobacillus delbrueckii Subsp. bulgaricus). Puede contener trazas de frutos de cáscara, restos de la linea de producción."],"conservation":" Refrigeración entre 1°C y 8°C . Una vez abierto, consumir antes de una semana, siempre que no se supere la fecha de caducidad.","ean":"8435143300083"},{"full_name":"FEIRACO yogur líquido natural azucarado pack 3 envase 200 ml","name":"yogur líquido natural azucarado pack 3 envase 200 ml","brand":"FEIRACO ","img":"https://sgfm.elcorteingles.es/SGFM/dctm/MEDIA03/201706/30/00118820502377____1__600x600.jpg","price":"1,46 €","price_unit":"(2,43 € / Litro)","categories":["Supermercado","Lácteos","Yogures","Yogures líquidos","FEIRACO yogur líquido natural azucarado pack 3 envase 200 ml"],"general_information":["Denominación del alimento: Yogur semidesnatado pasteurizado después de la fermentación sin lactosa azucarado.","País de origen: España","Nombre del operador: FEIRACO LÁCTEOS S.L","Dirección del operador: Ponte Maceira-Agrón 15864 Ames A Coruña","Cantidad Neta: 600 Mililitros","Otras menciones obligatorias en la etiqueta: Sin lactosa (<0.01%)"],"ingredients":[" Leche parcialmente desnatada, azúcar (7%),espesantes: E-412, E-440 y fermentos lácticos (L. bulgaricus y S. thermophilus)"],"conservation":" Temperatura ambiente. Una vez abierto conservar en refrigeración.","ean":"8410668001943"},{"full_name":"FEIRACO yogur líquido sabor fresa pack 3 envase 200 ml","name":"yogur líquido sabor fresa pack 3 envase 200 ml","brand":"FEIRACO ","img":"https://sgfm.elcorteingles.es/SGFM/dctm/MEDIA03/201706/30/00118820502385____1__600x600.jpg","price":"1,46 €","price_unit":"(2,43 € / Litro)","categories":["Supermercado","Lácteos","Yogures","Yogures líquidos","FEIRACO yogur líquido sabor fresa pack 3 envase 200 ml"],"general_information":["Denominación del alimento: Yogur semidesnatado pasteurizado después de la fermentación sin lactosa azucarado con fresa.","País de origen: España","Nombre del operador: FEIRACO LÁCTEOS S.L","Dirección del operador: Ponte Maceira-Agrón 15864 Ames A Coruña","Cantidad Neta: 600 Mililitros","Otras menciones obligatorias en la etiqueta: Sin lactosa (<0.01%)"],"ingredients":[" Leche parcialmente desnatada, azúcar (7%), concentrado de fresa (1%) (Fresa, aroma, colorante (e-120)), espesantes: E-412, E-440, y fermentos lácticos (L. bulgaricus y S. thermophilus)"],"conservation":" Temperatura ambiente. Una vez abierto conservar en refrigeración.","ean":"8410668001950"},{"full_name":"LA FAGEDA yogur líquido natural azucarado botella 650 ml","name":"yogur líquido natural azucarado botella 650 ml","brand":"LA FAGEDA ","img":"https://sgfm.elcorteingles.es/SGFM/dctm/MEDIA03/201701/16/00118820502799____2__600x600.jpg","price":"1,89 €","price_unit":"(2,91 € / Litro)","categories":["Supermercado","Lácteos","Yogures","Yogures líquidos","LA FAGEDA yogur líquido natural azucarado botella 650 ml"],"general_information":["Denominación del alimento: Yogur natural azucarado líquido","Nombre del operador: La Fageda Fundació","Dirección del operador: Mas Els Casals s/n Santa Pau - Girona - Parc Natural de la Garrotxa","Cantidad Neta: 650 Mililitros"],"ingredients":[" Leche fresca, azúcar, proteínas de leche y fermentos lácticos."],"conservation":" Conservar entre 1 y 8°C. Una vez abierto, conservar tapado en el frigorífico y consumir antes de 7 días.","ean":"8424395142107"},{"full_name":"PRILAC kéfir yogur líquido de vaca envase 1 l","name":"kéfir yogur líquido de vaca envase 1 l","brand":"PRILAC ","img":"https://sgfm.elcorteingles.es/SGFM/dctm/MEDIA02/CONTENIDOS/201412/29/00118820601021____1__600x600.jpg","price":"3,19 €","price_unit":"(3,19 € / Litro)","categories":["Supermercado","Lácteos","Yogures","Yogures líquidos","PRILAC kéfir yogur líquido de vaca envase 1 l"],"general_information":["Denominación del alimento: Kéfir","Nombre del operador: Avícola Ballester, S.A.","Dirección del operador: Ctra. Porreres-Vilafranca, km 0.1  07260","Cantidad Neta: 1 Litros"],"ingredients":[],"ean":"8428433251004"},{"full_name":"PRILAC kéfir yogur líquido de vaca  sabor vainilla botella 1 l","name":"kéfir yogur líquido de vaca  sabor vainilla botella 1 l","brand":"PRILAC ","img":"https://sgfm.elcorteingles.es/SGFM/dctm/MEDIA03/201709/14/00118820604538____5__600x600.jpg","price":"3,19 €","price_unit":"(3,19 € / Litro)","categories":["Supermercado","Lácteos","Yogures","Yogures líquidos","PRILAC kéfir yogur líquido de vaca  sabor vainilla botella 1 l"],"general_information":["Denominación del alimento: Kéfir Vainilla","Nombre del operador: Avícola Ballester, S.A.","Dirección del operador: Ctra. Porreres-Vilafranca, km 0.1  07260","Cantidad Neta: 1 Litros"],"ingredients":[],"ean":"8428433102535"},{"full_name":"JANA kéfir yogur líquido natural 1,5% grasa botella 1 l","name":"kéfir yogur líquido natural 1,5% grasa botella 1 l","brand":"JANA ","img":"https://sgfm.elcorteingles.es/SGFM/dctm/MEDIA03/201710/05/00118823401296____1__600x600.jpg","price":"1,94 €","price_unit":"(1,94 € / Litro)","categories":["Supermercado","Lácteos","Yogures","Yogures líquidos","JANA kéfir yogur líquido natural 1,5% grasa botella 1 l"],"general_information":[],"ingredients":[],"ean":"5902476001923"},{"full_name":"JANA kéfir yogur líquido natural 1,5 % grasa envase 375 g","name":"kéfir yogur líquido natural 1,5 % grasa envase 375 g","brand":"JANA ","img":"https://sgfm.elcorteingles.es/SGFM/dctm/MEDIA03/201710/05/00118823401304____6__600x600.jpg","price":"1,47 €","price_unit":"(3,92 € / Kilo)","categories":["Supermercado","Lácteos","Yogures","Yogures líquidos","JANA kéfir yogur líquido natural 1,5 % grasa envase 375 g"],"general_information":[],"ingredients":[],"ean":"5902476001046"},{"full_name":"MLEKOVITA kéfir líquido ecológico botella 375 g","name":"kéfir líquido ecológico botella 375 g","brand":"MLEKOVITA ","img":"https://sgfm.elcorteingles.es/SGFM/dctm/MEDIA03/201710/04/00118822400331____1__600x600.jpg","price":"1,55 €","categories":["Supermercado","Lácteos","Yogures","Yogures líquidos","MLEKOVITA kéfir líquido ecológico botella 375 g"],"general_information":[],"ingredients":[],"ean":"5900512980119"},{"full_name":"MLEKOVITA yogur líquido de fresa botella 250 g","name":"yogur líquido de fresa botella 250 g","brand":"MLEKOVITA ","img":"https://sgfm.elcorteingles.es/SGFM/dctm/MEDIA03/201710/26/00118820302604____1__600x600.jpg","price":"0,90 €","categories":["Supermercado","Lácteos","Yogures","Yogures líquidos","MLEKOVITA yogur líquido de fresa botella 250 g"],"general_information":[],"ingredients":[],"ean":"5900512850047"},{"full_name":"MLEKOVITA yogur líquido con frutas del bosque botella 250 g","name":"yogur líquido con frutas del bosque botella 250 g","brand":"MLEKOVITA ","img":"https://sgfm.elcorteingles.es/SGFM/dctm/MEDIA03/201710/26/00118820302612____1__600x600.jpg","price":"0,90 €","categories":["Supermercado","Lácteos","Yogures","Yogures líquidos","MLEKOVITA yogur líquido con frutas del bosque botella 250 g"],"general_information":[],"ingredients":[],"ean":"5900512850061"},{"full_name":"MLEKOVITA yogur líquido con guinda botella 250 g","name":"yogur líquido con guinda botella 250 g","brand":"MLEKOVITA ","img":"https://sgfm.elcorteingles.es/SGFM/dctm/MEDIA03/201710/26/00118820302620____1__600x600.jpg","price":"0,90 €","categories":["Supermercado","Lácteos","Yogures","Yogures líquidos","MLEKOVITA yogur líquido con guinda botella 250 g"],"general_information":[],"ingredients":[],"ean":"5900512850115"},{"full_name":"EL CORTE INGLES petit líquido sabor fresa pack 6 unidades 100 g","name":"petit líquido sabor fresa pack 6 unidades 100 g","brand":"EL CORTE INGLES ","img":"https://sgfm.elcorteingles.es/SGFM/dctm/MEDIA03/201701/16/00118821000942____2__600x600.jpg","price":"1,68 €","price_unit":"(2,80 € / Kilo)","categories":["Supermercado","Lácteos","Yogures","Yogures infantiles","EL CORTE INGLES petit líquido sabor fresa pack 6 unidades 100 g"],"general_information":["Denominación del alimento: LECHE FERMENTADA AZUCARADA CON FRESA","Nombre del operador: Elaborado para El Corte Inglés por\nL.N.P.L.R Guadalajara, S.L \nC /Hernán Cortés, s/n (Poligono Henares)\n 19180 Marchamalo (Guadalajara) - España","Cantidad Neta: 600 g","Número de raciones por envase: 6.0"],"ingredients":[" INGREDIENTES:\n\nLeche parcialmente desnatada, azúcar (9,4%), fresa (1%), leche desnatada en polvo, almidón  modificado (E 1442),  aroma, sólidos lácteos (calcio), correctores de acidez (E 330; E 331iii, E 333iii), espesante (E 440ii), conservador (E 202), colorante (E 120), vitamina D, fermentos lácticos."],"conservation":" Conservar en frio entre 1ºC y 8ºC","ean":"8433329068086"},{"full_name":"EL CORTE INGLES petit pouch fresa para llevar sin gluten pack 4 unidades 80 g","name":"petit pouch fresa para llevar sin gluten pack 4 unidades 80 g","brand":"EL CORTE INGLES ","img":"https://sgfm.elcorteingles.es/SGFM/dctm/MEDIA03/201712/19/00118821001007____1__600x600.jpg","price":"1,40 €","price_unit":"(4,38 € / Kilo)","categories":["Supermercado","Lácteos","Yogures","Yogures infantiles","EL CORTE INGLES petit pouch fresa para llevar sin gluten pack 4 unidades 80 g"],"general_information":["Denominación del alimento: QUESO FRESCO CON PURÉ DE FRESA","Nombre del operador: Distribuido para El Corte Inglés por\nL.N.P.L.R.I. S.A\nAv. de la Fama, 16-20 \n08940 Cornellà de Llobregat (Barcelona) - España","Cantidad Neta: 320 g","Número de raciones por envase: 4"],"ingredients":[" Ingredientes: \nLeche desnatada, azúcar, nata, fresa (5.4%), jarabe de glucosa y fructosa, almidón modificado (E 1442), zumo concentrado de frutos rojos, calcio, espesante (E 412), correctores de acidez (E 330, E 331), conservador (E 202), aroma, fermentos lácticos, colorante (E 160c) y vitamina D."],"conservation":" Conservar en frío entre 1ºC y 8ºC.\nSe conserva 4 horas fuera de la nevera.","ean":"8433329081894"},{"full_name":"DANONE MI PRIMER DANONE yogur natural pack 4 unds. 125 g","name":"yogur natural pack 4 unds. 125 g","brand":"DANONE MI PRIMER DANONE ","img":"https://sgfm.elcorteingles.es/SGFM/dctm/MEDIA03/201708/24/00118821500149____7__600x600.jpg","price":"2,75 €","price_unit":"(5,50 € / Kilo)","categories":["Supermercado","Bebés","Alimentación e higiene del bebé","Alimentación","Postres infantiles","DANONE MI PRIMER DANONE yogur natural pack 4 unds. 125 g"],"general_information":["Denominación del alimento: Alimento con leche de continuación para lactantes de más de 6 meses y niños de corta edad","Nombre del operador: Danone S.A.","Dirección del operador: Buenos Aires, 21 - 08029 BARCELONA","Cantidad Neta: 500 g","Número de raciones por envase: 4"],"ingredients":[" Leche de continuación 93,7%* [leche, agua, almidón de maíz, leche en polvo desnatada, aceites vegetales (aceites de soja y girasol, antioxidantes: tocoferoles y palmitato de ascorbilo, emulgente: ésteres cítricos de mono y diglicéridos de ácidos grasos), maltodextrinas, sales minerales de hierro, yodo, cobre, manganeso, selenio y zinc y vitaminas (A, C, D, E, K, B1, B5 y B9)], azúcar, almidón modificado de maíz, estabilizante (E412), corrector de acidez(ácido cítrico), Lactobacillus casei y otros fermentos lácticos."],"conservation":" Consérvese en frío entre 2°C y 6°C","ean":"8410500006044"},{"full_name":"DANONE MI PRIMER DANONE yogur 3 frutas pack 4 unds. 125 g","name":"yogur 3 frutas pack 4 unds. 125 g","brand":"DANONE MI PRIMER DANONE ","img":"https://sgfm.elcorteingles.es/SGFM/dctm/MEDIA03/201708/24/00118821500156____7__600x600.jpg","price":"2,75 €","price_unit":"(5,50 € / Kilo)","categories":["Supermercado","Bebés","Alimentación e higiene del bebé","Alimentación","Postres infantiles","DANONE MI PRIMER DANONE yogur 3 frutas pack 4 unds. 125 g"],"general_information":["Denominación del alimento: Alimento con leche de continuación y pulpa de frutas para lactantes de mas de 6 meses y niños de corta edad","Nombre del operador: Danone S.A.","Dirección del operador: Buenos Aires, 21 - 08029 BARCELONA","Cantidad Neta: 500 g","Número de raciones por envase: 4"],"ingredients":[" Leche de continuación 84% [leche, agua, almidón de maíz, leche en polvo desnatada, aceites vegetales (aceites de soja y girasol, antioxidantes: tocoferoles y palmitato de ascorbilo, emulgente: ésteres cítricos de mono y diglicéridos de ácidos grasos), maltodextrinas, sales minerales de hierro, yodo, cobre, manganeso, selenio y zinc y vitaminas (A, C, D, E, K, B1, B5 y B9)], puré de frutas 10% (manzana, pera y plátano), azúcar, almidón modificado de maíz, aroma, correctores de acidez( ácido cítrico y citrato sódico), Lactobacillus casei y otros fermentos lácticos."],"conservation":" Consérvese en frío entre 2°C y 6°C","ean":"8410500008710"},{"full_name":"DANONE DANONINO yogur pouch sabor fresa pack 4 unidades 70 g","name":"yogur pouch sabor fresa pack 4 unidades 70 g","brand":"DANONE DANONINO ","img":"https://sgfm.elcorteingles.es/SGFM/dctm/MEDIA03/201702/03/00118821000702____22__600x600.jpg","price":"1,99 €","price_unit":"(7,11 € / Kilo)","categories":["Supermercado","Lácteos","Yogures","Yogures infantiles","DANONE DANONINO yogur pouch sabor fresa pack 4 unidades 70 g"],"general_information":["Denominación del alimento: Yogur con fresa. Con calcio y vitamina D.","Nombre del operador: Danone S.A.","Dirección del operador: Buenos Aires, 21 - 08029 BARCELONA","Cantidad Neta: 280 g","Número de raciones por envase: 4"],"ingredients":[" Leche pasteurizada, azúcar, pulpa de fresa procedente de concentrado (6%), almidón, proteínas de la leche, almidón modificado, sales de calcio, leche desnatada en polvo, aromas naturales, zumo concentrado de remolacha, fermentos lácticos y vitamina D."],"conservation":" Consérvese en frío entre 2°C y 6°C","ean":"8410500020453"},{"full_name":"DANONE DANONINO Bebedino yogur petit líquido sabor plátano y fresa pack 4 unidades 100 g","name":"Bebedino yogur petit líquido sabor plátano y fresa pack 4 unidades 100 g","brand":"DANONE DANONINO ","img":"https://sgfm.elcorteingles.es/SGFM/dctm/MEDIA03/201707/21/00118821000835____14__600x600.jpg","price":"1,99 €","price_unit":"(4,98 € / Kilo)","categories":["Supermercado","Lácteos","Yogures","Yogures infantiles","DANONE DANONINO Bebedino yogur petit líquido sabor plátano y fresa pack 4 unidades 100 g"],"general_information":["Denominación del alimento: Yogur para beber semidesnatasdo con fresa y plátano. Con calcio y vitamina D.","Nombre del operador: Danone S.A.","Dirección del operador: Buenos Aires, 21 - 08029 BARCELONA","Cantidad Neta: 400 g","Número de raciones por envase: 4","Otras menciones obligatorias en la etiqueta: ADVERTENCIA: No apto para niños menores de 36 meses. Contiene partes pequeñas. Riesgo de asfixia. Se recomienda la vigilancia de un adulto. Botella para jugar. No rellenar. Para jugar se recomienda lavar la botella antes y después de usar. Mantener alejado de cualquier fuente de calor. Conserve esta información para futuras referencias."],"ingredients":[" Leche pasteurizada desnatada, azúcar líquido (sacarosa: 6,8%), nata pasteurizada, purés de fresa (3%) y plátano (3%), almidón de maíz, leche pasteurizada desnatada concentrada, sólidos lácteos, azúcar, aromas naturales, zumos concentrados de zanahoria negra, calabaza y limón, fermentos lácticos y vitamina D."],"conservation":" Consérvese en frío entre 2°C y 6°C","ean":"8410500016029"},{"full_name":"DANONE DANONINO Bebedino yogur petit líquido sabor fresa pack 4 unidades 100 g","name":"Bebedino yogur petit líquido sabor fresa pack 4 unidades 100 g","brand":"DANONE DANONINO ","img":"https://sgfm.elcorteingles.es/SGFM/dctm/MEDIA03/201707/21/00118821000827____14__600x600.jpg","price":"1,99 €","price_unit":"(4,98 € / Kilo)","categories":["Supermercado","Lácteos","Yogures","Yogures infantiles","DANONE DANONINO Bebedino yogur petit líquido sabor fresa pack 4 unidades 100 g"],"general_information":["Denominación del alimento: Yogur para beber semidesnatado con fresa. Con calcio y vitamina D.","Nombre del operador: Danone S.A.","Dirección del operador: Buenos Aires, 21 - 08029 BARCELONA","Cantidad Neta: 400 g","Número de raciones por envase: 4","Otras menciones obligatorias en la etiqueta: ADVERTENCIA: No apto para niños menores de 36 meses. Contiene partes pequeñas. Riesgo de asfixia. Se recomienda la vigilancia de un adulto. Botella para jugar. No rellenar. Para jugar se recomienda lavar la botella antes y después de usar. Mantener alejado de cualquier fuente de calor. Conserve esta información para futuras referencias."],"ingredients":[" Leche pasteurizada desnatada, azúcar líquido (sacarosa: 6,8%), puré de fresa (6%), nata pasteurizada, almidón de arroz, leche pasteurizada desnatada concentrada, sólidos lácteos, azúcar, aromas naturales, zumos concentrados de zanahoria negra y limón, fermentos lácticos y vitamina D."],"conservation":" Consérvese en frío entre 2°C y 6°C","ean":"8410500016012"},{"full_name":"DANONE DANONINO yogur petit 2 fresa + 2 melocotón + 2 plátano pack 6 unidades 50 g","name":"yogur petit 2 fresa + 2 melocotón + 2 plátano pack 6 unidades 50 g","brand":"DANONE DANONINO ","img":"https://sgfm.elcorteingles.es/SGFM/dctm/MEDIA03/201702/13/00118821000801____4__600x600.jpg","price":"1,09 €","price_unit":"(21,80 € / Kilo)","categories":["Supermercado","Lácteos","Yogures","Yogures infantiles","DANONE DANONINO yogur petit 2 fresa + 2 melocotón + 2 plátano pack 6 unidades 50 g"],"general_information":["Denominación del alimento: Queso fresco semidesnatado con sabor a fresa, plátano y melocotón. Con calcio y vitamina D.","Nombre del operador: Danone S.A.","Dirección del operador: Buenos Aires, 21 - 08029 BARCELONA","Cantidad Neta: 300 g","Número de raciones por envase: 6"],"ingredients":[" Leche pasteurizada parcialmente desnatada, azúcar, fructosa y jarabe de fructosa (en la variedad fresa), almidón modificado de tapioca, estabilizador (goma guar), sales de calcio, aromas, concentrado y zumo concentrado de zanahoria, colorantes [carmines (en la variedad fresa)], corrector de acidez (ácido láctico), fermentos lácticos y vitamina D."],"conservation":" Consérvese en frío entre 2°C y 6°C","ean":"8410500016395"},{"full_name":"DANONE DANONINO yogur petit fresa pack 6 unidades 50 g","name":"yogur petit fresa pack 6 unidades 50 g","brand":"DANONE DANONINO ","img":"https://sgfm.elcorteingles.es/SGFM/dctm/MEDIA03/201702/03/00118821000777____3__600x600.jpg","price":"1,09 €","price_unit":"(3,63 € / Kilo)","categories":["Supermercado","Lácteos","Yogures","Yogures infantiles","DANONE DANONINO yogur petit fresa pack 6 unidades 50 g"],"general_information":["Denominación del alimento: Queso fresco semidesnatado con fresa","Nombre del operador: Danone S.A.","Dirección del operador: Buenos Aires, 21 - 08029 BARCELONA","Cantidad Neta: 300 g","Número de raciones por envase: 6"],"ingredients":[" Leche, azúcar, puré de fresa (5,4%), fructo-oligosacáridos o fructosa, almidón modificado de tapioca, sales de calcio, fermentos lácticos, vitamina D, aroma y colorante natural (carmín)."],"conservation":" Consérvese en frío entre 2°C y 6°C","ean":"8410500015787"},{"full_name":"DANONE DANONINO yogur petit chocolate pack 6 unidades 55 g","name":"yogur petit chocolate pack 6 unidades 55 g","brand":"DANONE DANONINO ","img":"https://sgfm.elcorteingles.es/SGFM/dctm/MEDIA03/201702/03/00118821000074____7__600x600.jpg","price":"1,25 €","price_unit":"(3,79 € / Kilo)","categories":["Supermercado","Lácteos","Yogures","Yogures infantiles","DANONE DANONINO yogur petit chocolate pack 6 unidades 55 g"],"general_information":["Denominación del alimento: Postre con queso y chocolate","Nombre del operador: Danone S.A.","Dirección del operador: Buenos Aires, 21 - 08029 BARCELONA","Cantidad Neta: 330 g","Número de raciones por envase: 6"],"ingredients":[" Leche desnatada, queso (28%), azúcar, espesantes (almidón modificado de maíz y carragenano), cacao desgrasado (2,2%), caramelo (sacarosa y jarabe de glucosa y fructosa), proteínas de leche, chocolate 0,9% (cacao y azúcar), aroma (vainillina) y estabilizador (citrato trisódico)."],"conservation":" Consérvese en frío entre 2°C y 6°C","ean":"0000084105929"},{"full_name":"DANONE DANONINO yogur petit dúo plátano y fresa pack 6 unidades 50 g","name":"yogur petit dúo plátano y fresa pack 6 unidades 50 g","brand":"DANONE DANONINO ","img":"https://sgfm.elcorteingles.es/SGFM/dctm/MEDIA03/201702/03/00118821000785____3__600x600.jpg","price":"1,09 €","price_unit":"(3,63 € / Kilo)","categories":["Supermercado","Lácteos","Yogures","Yogures infantiles","DANONE DANONINO yogur petit dúo plátano y fresa pack 6 unidades 50 g"],"general_information":["Denominación del alimento: Queso fresco semidesntado con fresa y plátano.","Nombre del operador: Danone S.A.","Dirección del operador: Buenos Aires, 21 - 08029 BARCELONA","Cantidad Neta: 300 g","Número de raciones por envase: 6"],"ingredients":[" Leche, azúcar, puré de fruta (fresa 4,7% y plátano 0,6%), fructo-oligosacáridos o fructosa, almidón modificado de tapioca, sales de calcio, fermentos lácticos, aromas, vitamina D y colorantes naturales (luteína y carmín)."],"conservation":" Consérvese en frío entre 2°C y 6°C","ean":"8410500015794"},{"full_name":"DANONE DANONINO yogur petit dúo natural y fresa pack 6 unidades 50 g","name":"yogur petit dúo natural y fresa pack 6 unidades 50 g","brand":"DANONE DANONINO ","img":"https://sgfm.elcorteingles.es/SGFM/dctm/MEDIA03/201702/03/00118821000819____3__600x600.jpg","price":"1,09 €","price_unit":"(3,63 € / Kilo)","categories":["Supermercado","Lácteos","Yogures","Yogures infantiles","DANONE DANONINO yogur petit dúo natural y fresa pack 6 unidades 50 g"],"general_information":["Denominación del alimento: Queso fresco semidesnatado con sabor a fresa y nata. Con calcio y vitamina D.","Nombre del operador: Danone S.A.","Dirección del operador: Buenos Aires, 21 - 08029 BARCELONA","Cantidad Neta: 300 g","Número de raciones por envase: 6"],"ingredients":[" Leche pasteurizada parcialmente desnatada, azúcar, fructosa, almidón modificado de tapioca, estabilizador (goma guar), sales de calcio, aromas, concentrado de zanahoria, colorante (carmines), corrector de acidez (ácido láctico), fermentos lácticos y vitamina D."],"conservation":" Consérvese en frío entre 2°C y 6°C","ean":"8410500015824"},{"full_name":"DANONE DANONINO yogur petit maxi fresa pack 4 unidades 100 g","name":"yogur petit maxi fresa pack 4 unidades 100 g","brand":"DANONE DANONINO ","img":"https://sgfm.elcorteingles.es/SGFM/dctm/MEDIA03/201702/03/00118821000306____7__600x600.jpg","price":"1,59 €","price_unit":"(3,98 € / Kilo)","categories":["Supermercado","Lácteos","Yogures","Yogures infantiles","DANONE DANONINO yogur petit maxi fresa pack 4 unidades 100 g"],"general_information":["Denominación del alimento: Queso fresco semidesnatado con fresas.","Nombre del operador: Danone S.A.","Dirección del operador: Buenos Aires, 21 - 08029 BARCELONA","Cantidad Neta: 400 g","Número de raciones por envase: 4"],"ingredients":[" Leche, azúcar, puré de fresa (5,4%), fructo-oligosacáridos o fructosa, almidón modificado de tapioca, sales de calcio, fermentos lácticos, vitamina D, aroma y colorante natural (carmín)."],"conservation":" Consérvese en frío entre 2°C y 6°C","ean":"8410500008727"},{"full_name":"DANONE DANONINO yogur petit maxi duo fresa y plátano pack 4 unidades 100 g","name":"yogur petit maxi duo fresa y plátano pack 4 unidades 100 g","brand":"DANONE DANONINO ","img":"https://sgfm.elcorteingles.es/SGFM/dctm/MEDIA03/201702/03/00118821000413____7__600x600.jpg","price":"1,59 €","price_unit":"(3,98 € / Kilo)","categories":["Supermercado","Lácteos","Yogures","Yogures infantiles","DANONE DANONINO yogur petit maxi duo fresa y plátano pack 4 unidades 100 g"],"general_information":["Denominación del alimento: Queso fresco semidesnatado con fresa y plátano.","Nombre del operador: Danone S.A.","Dirección del operador: Buenos Aires, 21 - 08029 BARCELONA","Cantidad Neta: 400 g","Número de raciones por envase: 4"],"ingredients":[" Leche, azúcar, puré de fruta (fresa 4,7% y plátano 0,6%), fructo-oligosacáridos o fructosa, almidón modificado de tapioca, sales de calcio, fermentos lácticos, aromas, vitamina D y colorantes naturales (luteína y carmín)."],"conservation":" Consérvese en frío entre 2°C y 6°C","ean":"8410500010270"},{"full_name":"DANONE DANONINO yogur pouch de fresa y plátano con calcio + vitamina D 4 unidades estuche 70 g","name":"yogur pouch de fresa y plátano con calcio + vitamina D 4 unidades estuche 70 g","brand":"DANONE DANONINO ","img":"https://sgfm.elcorteingles.es/SGFM/dctm/MEDIA03/201708/28/00118821000959____6__600x600.jpg","price":"1,99 €","price_unit":"(28,43 € / Kilo)","categories":["Supermercado","Lácteos","Yogures","Yogures infantiles","DANONE DANONINO yogur pouch de fresa y plátano con calcio + vitamina D 4 unidades estuche 70 g"],"general_information":["Denominación del alimento: Yogur con fresa y plátano. Con calcio y vitamina D.","Nombre del operador: Danone S.A.","Dirección del operador: Buenos Aires, 21 - 08029 BARCELONA","Cantidad Neta: 280 g","Número de raciones por envase: 4"],"ingredients":[" Leche pasteurizada, azúcar, pulpa de fresa procedente de concentrado (3%), pulpa de plátano (3%), almidón, proteínas de la leche, almidón modificado, sales de calcio, leche desnatada en polvo, concentrado de manzana y zanahoria, concentrado de zanahoria negra, aromas naturales, fermentos lácticos y vitamina D."],"conservation":" Consérvese en frío entre 2°C y 6°C","ean":"8410500020644"},{"full_name":"NESTLE NESQUIK Petit pack 6 unds. 60 g","name":"Petit pack 6 unds. 60 g","brand":"NESTLE NESQUIK ","img":"https://sgfm.elcorteingles.es/SGFM/dctm/MEDIA03/201604/21/00118821000215____1__600x600.jpg","price":"1,55 €","price_unit":"(4,31 € / Kilo)","categories":["Supermercado","Lácteos","Yogures","Yogures infantiles","NESTLE NESQUIK Petit pack 6 unds. 60 g"],"general_information":["Denominación del alimento: Postre lácteo con cacao","Nombre del operador: Lactalis Nestlé PLRI","Dirección del operador: Avda de la Fama 16-20, Cornella de Llobregat, 08940 Barcelona","Cantidad Neta: 360 g"],"ingredients":[],"conservation":" conservar en frio de 1-8°C","ean":"8410100059839"},{"full_name":"NESTLE NESQUIK Petit Go pack 4 unds. 80 g","name":"Petit Go pack 4 unds. 80 g","brand":"NESTLE NESQUIK ","img":"https://sgfm.elcorteingles.es/SGFM/dctm/MEDIA03/201701/16/00118821000389____2__600x600.jpg","price":"2,17 €","price_unit":"(6,78 € / Kilo)","categories":["Supermercado","Lácteos","Yogures","Yogures infantiles","NESTLE NESQUIK Petit Go pack 4 unds. 80 g"],"general_information":["Denominación del alimento: Crema de leche con chocolate","Nombre del operador: Lactalis Nestlé PLRI","Dirección del operador: Avda de la Fama 16-20, Cornella de Llobregat, 08940 Barcelona","Cantidad Neta: 320 g"],"ingredients":[],"conservation":" conservar en frio de 1-8°C","ean":"3023290622476"},{"full_name":"CLESA crema bombón sin lactosa envase 80 g","name":"crema bombón sin lactosa envase 80 g","brand":"CLESA ","img":"https://sgfm.elcorteingles.es/SGFM/dctm/MEDIA03/201706/13/00118823801966____6__600x600.jpg","price":"0,59 €","price_unit":"(7,38 € / Kilo)","categories":["Supermercado","Lácteos","Yogures","Yogures infantiles","CLESA crema bombón sin lactosa envase 80 g"],"general_information":[],"ingredients":[],"ean":"8411400005632"},{"full_name":"CASA GRANDE DE XANCEDA yogur Junior cremoso con manzana y plátano pack 2 unidades 125 g","name":"yogur Junior cremoso con manzana y plátano pack 2 unidades 125 g","brand":"CASA GRANDE DE XANCEDA ","img":"https://sgfm.elcorteingles.es/SGFM/dctm/MEDIA02/CONTENIDOS/201407/21/00118822200277____1__600x600.jpg","price":"1,85 €","price_unit":"(7,40 € / Kilo)","categories":["Supermercado","Lácteos","Yogures","Yogures ecológicos","CASA GRANDE DE XANCEDA yogur Junior cremoso con manzana y plátano pack 2 unidades 125 g"],"general_information":["Denominación del alimento: Yogur bio infantil con manzana y plátano de producción ecolígica","País de origen: España","Nombre del operador: Casa Grande de Xanceda SAT","Dirección del operador: Xanceda, 15685 Mesía. A Coruña","Cantidad Neta: 250 g","Otras menciones obligatorias en la etiqueta: Ingredientes que proceden de la Agricultura Ecológica"],"ingredients":[" Leche, fruta ecológica preparada (20%): (plátanos ecológicos, manzanas ecológicas, azúcar ecológico, zumo de limón ecológico), fermentos lácticos"],"conservation":" Conservar en frio entre 1ºC y 8ºC","ean":"8437006245449"},{"full_name":"EL CORTE INGLES yogur natural pack 8 unidades 125 g","name":"yogur natural pack 8 unidades 125 g","brand":"EL CORTE INGLES ","img":"https://sgfm.elcorteingles.es/SGFM/dctm/MEDIA03/201610/05/00118820101873____1__600x600.jpg","price":"1,05 €","price_unit":"(1,05 € / Kilo)","categories":["Supermercado","Lácteos","Yogures","Yogur natural","EL CORTE INGLES yogur natural pack 8 unidades 125 g"],"general_information":["Denominación del alimento: YOGUR NATURAL","Nombre del operador: Elaborado para El Corte Inglés por\nL.N.P.L.R Guadalajara, S.L \nC /Hernán Cortés, s/n (Poligono Henares)\n 19180 Marchamalo (Guadalajara) - España","Cantidad Neta: 1000 g","Número de raciones por envase: 8.0"],"ingredients":[" INGREDIENTES:\n\nLeche parcialmente desnatada, proteínas de leche y lactosa, fermentos lácticos."],"conservation":" Conservar en frio entre 1ºC y 8ºC","ean":"8433329067812"},{"full_name":"EL CORTE INGLES yogur natural azucarado pack 8 unidades 125 g","name":"yogur natural azucarado pack 8 unidades 125 g","brand":"EL CORTE INGLES ","img":"https://sgfm.elcorteingles.es/SGFM/dctm/MEDIA03/201702/02/00118820101899____7__600x600.jpg","price":"0,96 €","price_unit":"(0,96 € / Kilo)","categories":["Supermercado","Lácteos","Yogures","Yogur natural","EL CORTE INGLES yogur natural azucarado pack 8 unidades 125 g"],"general_information":["Denominación del alimento: YOGUR NATURAL AZUCARADO","Nombre del operador: Elaborado para El Corte Inglés por\nL.N.P.L.R Guadalajara, S.L \nC /Hernán Cortés, s/n (Poligono Henares)\n 19180 Marchamalo (Guadalajara) - España","Cantidad Neta: 1000 g","Número de raciones por envase: 8.0"],"ingredients":[" INGREDIENTES:\n\nLeche parcialmente desnatada, azúcar (8,3%), proteínas de leche y lactosa, fermentos lácticos."],"conservation":" Conservar en frio entre 1ºC y 8ºC","ean":"8433329067829"},{"full_name":"DANONE yogur natural azucarado pack 12 unidades 125 g","name":"yogur natural azucarado pack 12 unidades 125 g","brand":"DANONE ","img":"https://sgfm.elcorteingles.es/SGFM/dctm/MEDIA03/201708/25/00118820101485____7__600x600.jpg","price":"2,79 €","price_unit":"(1,86 € / Kilo)","categories":["Supermercado","Lácteos","Yogures","Yogur natural","DANONE yogur natural azucarado pack 12 unidades 125 g"],"general_information":["Denominación del alimento: Yogur natural azucarado","Nombre del operador: Danone S.A.","Dirección del operador: Buenos Aires, 21 - 08029 BARCELONA","Cantidad Neta: 1500 g","Número de raciones por envase: 12"],"ingredients":[" Leche fresca pasteurizada parcialmente desnatada (90,1%), azúcar (8,2%), leche en polvo desnatada y fermentos lácticos."],"conservation":" Consérvese en frío entre 2°C y 6°C","ean":"8410500016111"},{"full_name":"DANONE yogur natural pack 12 unidades 125 g","name":"yogur natural pack 12 unidades 125 g","brand":"DANONE ","img":"https://sgfm.elcorteingles.es/SGFM/dctm/MEDIA03/201708/25/00118820101477____7__600x600.jpg","price":"2,79 €","price_unit":"(1,86 € / Kilo)","categories":["Supermercado","Lácteos","Yogures","Yogur natural","DANONE yogur natural pack 12 unidades 125 g"],"general_information":["Denominación del alimento: Yogur natural","Nombre del operador: Danone S.A.","Dirección del operador: Buenos Aires, 21 - 08029 BARCELONA","Cantidad Neta: 1500 g","Número de raciones por envase: 12"],"ingredients":[" Leche fresca pasteurizada, leche en polvo desnatada (0,6%) y fermentos lácticos"],"conservation":" Consérvese en frío entre 2°C y 6°C","ean":"8410500016104"},{"full_name":"DANONE yogur natural pack 8 unds. 125 g","name":"yogur natural pack 8 unds. 125 g","brand":"DANONE ","img":"https://sgfm.elcorteingles.es/SGFM/dctm/MEDIA03/201708/25/00118820100313____12__600x600.jpg","price":"1,95 €","price_unit":"(1,95 € / Kilo)","categories":["Supermercado","Lácteos","Yogures","Yogur natural","DANONE yogur natural pack 8 unds. 125 g"],"general_information":["Denominación del alimento: Yogur natural","Nombre del operador: Danone S.A.","Dirección del operador: Buenos Aires, 21 - 08029 BARCELONA","Cantidad Neta: 1000 g","Número de raciones por envase: 8"],"ingredients":[" Leche fresca pasteurizada (98,5%), leche en polvo desnatada y fermentos lácticos."],"conservation":" Consérvese en frío entre 2°C y 6°C","ean":"8410500001360"},{"full_name":"DANONE yogur natural azucarado pack 4 unds. 125 g","name":"yogur natural azucarado pack 4 unds. 125 g","brand":"DANONE ","img":"https://sgfm.elcorteingles.es/SGFM/dctm/MEDIA03/201707/17/00118820101857____6__600x600.jpg","price":"1,09 €","price_unit":"(2,18 € / Kilo)","categories":["Supermercado","Lácteos","Yogures","Yogur natural","DANONE yogur natural azucarado pack 4 unds. 125 g"],"general_information":["Denominación del alimento: Yogur natural azucarado","Nombre del operador: Danone S.A.","Dirección del operador: Buenos Aires, 21 - 08029 BARCELONA","Cantidad Neta: 500 g","Número de raciones por envase: 4"],"ingredients":[" Leche fresca pasteurizada parcialmente desnatada (90,1%), azúcar (8,2%), leche en polvo desnatada y fermentos lácticos."],"conservation":" Consérvese en frío entre 2°C y 6°C","ean":"8410500006099"},{"full_name":"DANONE yogur natural azucarado pack 8 unidades 125 g","name":"yogur natural azucarado pack 8 unidades 125 g","brand":"DANONE ","img":"https://sgfm.elcorteingles.es/SGFM/dctm/MEDIA03/201708/25/00118820100297____12__600x600.jpg","price":"1,95 €","price_unit":"(1,95 € / Kilo)","categories":["Supermercado","Lácteos","Yogures","Yogur natural","DANONE yogur natural azucarado pack 8 unidades 125 g"],"general_information":["Denominación del alimento: Yogur natural azucarado","Nombre del operador: Danone S.A.","Dirección del operador: Buenos Aires, 21 - 08029 BARCELONA","Cantidad Neta: 1000 g","Número de raciones por envase: 8"],"ingredients":[" Leche fresca pasteurizada parcialmente desnatada (90,1%), azúcar (8,2%), leche en polvo desnatada y fermentos lácticos."],"conservation":" Consérvese en frío entre 2°C y 6°C","ean":"8410500001377"},{"full_name":"DANONE yogur natural pack 4 unidades 125 g","name":"yogur natural pack 4 unidades 125 g","brand":"DANONE ","img":"https://sgfm.elcorteingles.es/SGFM/dctm/MEDIA03/201707/17/00118820101303____7__600x600.jpg","price":"1,09 €","price_unit":"(2,18 € / Kilo)","categories":["Supermercado","Lácteos","Yogures","Yogur natural","DANONE yogur natural pack 4 unidades 125 g"],"general_information":["Denominación del alimento: Yogur natural","Nombre del operador: Danone S.A.","Dirección del operador: Buenos Aires, 21 - 08029 BARCELONA","Cantidad Neta: 500 g","Número de raciones por envase: 4"],"ingredients":[" Leche fresca pasteurizada, leche en polvo desnatada (0,6%) y fermentos lácticos"],"conservation":" Consérvese en frío entre 2°C y 6°C","ean":"8410500006082"},{"full_name":"DANONE ORIGINAL yogur natural pack 2 unidades 135 g","name":"yogur natural pack 2 unidades 135 g","brand":"DANONE ORIGINAL ","img":"https://sgfm.elcorteingles.es/SGFM/dctm/MEDIA03/201709/04/00118822900025____6__600x600.jpg","price":"1,00 €","price_unit":"(3,70 € / Kilo)","categories":["Supermercado","Lácteos","Yogures","Yogur natural","DANONE ORIGINAL yogur natural pack 2 unidades 135 g"],"general_information":["Denominación del alimento: Yogur natural","Nombre del operador: Danone S.A.","Dirección del operador: Buenos Aires, 21 - 08029 BARCELONA","Cantidad Neta: 270 g","Número de raciones por envase: 2"],"ingredients":[" Leche pasteurizada, nata, leche en polvo desnatada y fermentos lácticos."],"conservation":" Consérvese en frío entre 2°C y 6°C","ean":"8410500001063"},{"full_name":"DANONE ORIGINAL yogur natural azucarado pack 2 unidades 135 g","name":"yogur natural azucarado pack 2 unidades 135 g","brand":"DANONE ORIGINAL ","img":"https://sgfm.elcorteingles.es/SGFM/dctm/MEDIA03/201604/12/00118822900017____2__600x600.jpg","price":"1,00 €","price_unit":"(7,41 € / Kilo)","categories":["Supermercado","Lácteos","Yogures","Yogur natural","DANONE ORIGINAL yogur natural azucarado pack 2 unidades 135 g"],"general_information":["Denominación del alimento: Yogur natural azucarado","Nombre del operador: Danone S.A.","Dirección del operador: Buenos Aires, 21 - 08029 BARCELONA","Cantidad Neta: 270 g","Número de raciones por envase: 2"],"ingredients":[" Leche pasteurizada, azúcar (8,0%), leche en polvo desnatada, nata pasteurizada y fermentos lácticos."],"conservation":" Consérvese en frío entre 2°C y 6°C","ean":"8410500001070"},{"full_name":"DANONE A tu gusto yogur cremoso natural azucarado envase 960 g","name":"A tu gusto yogur cremoso natural azucarado envase 960 g","brand":"DANONE ","img":"https://sgfm.elcorteingles.es/SGFM/dctm/MEDIA03/201707/28/00118820101980____1__600x600.jpg","price":"2,99 €","price_unit":"(3,11 € / Kilo)","categories":["Supermercado","Lácteos","Yogures","Yogur natural","DANONE A tu gusto yogur cremoso natural azucarado envase 960 g"],"general_information":["Denominación del alimento: Yogur natural azucarado","Nombre del operador: Danone S.A.","Dirección del operador: Buenos Aires, 21 - 08029 BARCELONA","Cantidad Neta: 960 g"],"ingredients":[" Leche, azúcar (5%), leche en polvo desnatada, nata y fermentos lácticos"],"conservation":" Consérvese en frío entre 2°C y 6°C","ean":"8410500021528"},{"full_name":"DANONE yogur natural 100% azúcar de caña integral menos 30% azúcares añadidos pack 4 unidades 125 g","name":"yogur natural 100% azúcar de caña integral menos 30% azúcares añadidos pack 4 unidades 125 g","brand":"DANONE ","img":"https://sgfm.elcorteingles.es/SGFM/dctm/MEDIA03/201709/04/00118820102012____6__600x600.jpg","price":"1,19 €","price_unit":"(9,52 € / Kilo)","categories":["Supermercado","Lácteos","Yogures","Yogur natural","DANONE yogur natural 100% azúcar de caña integral menos 30% azúcares añadidos pack 4 unidades 125 g"],"general_information":["Denominación del alimento: Yogur natural azucarado con azúcar moreno de caña integral","Nombre del operador: Danone S.A.","Dirección del operador: Buenos Aires, 21 - 08029 BARCELONA","Cantidad Neta: 500 g","Número de raciones por envase: 4"],"ingredients":[" Leche fresca pasteurizada parcialmente desnatada (91,7%), azúcar moreno de caña integral (6,5%), leche en polvo desnatada y fermentos lácticos."],"conservation":" Consérvese en frío entre 2°C y 6°C","ean":"8410500021498"},{"full_name":"DANONE Edición 1919 yogur cremoso natural pack 4 unidades 120 g","name":"Edición 1919 yogur cremoso natural pack 4 unidades 120 g","brand":"DANONE ","img":"https://sgfm.elcorteingles.es/SGFM/dctm/MEDIA03/201708/28/00118820102004____6__600x600.jpg","price":"1,69 €","price_unit":"(14,08 € / Kilo)","categories":["Supermercado","Lácteos","Yogures","Yogur natural","DANONE Edición 1919 yogur cremoso natural pack 4 unidades 120 g"],"general_information":["Denominación del alimento: Yogur natural","Nombre del operador: Danone S.A.","Dirección del operador: Buenos Aires, 21 - 08029 BARCELONA","Cantidad Neta: 480 g","Número de raciones por envase: 4"],"ingredients":[" Leche pasteurizada, leche en polvo desnatada, nata pasteurizada y fermentos lácticos.Puede contener trazas de cereales (gluten menos de 3 ppm) y frutos de cáscara."],"conservation":" Consérvese en frío entre 2°C y 6°C","ean":"8410500021511"},{"full_name":"DANONE Edición 1919 yogur cremoso natural azucarado pack 4 unidades 120 g","name":"Edición 1919 yogur cremoso natural azucarado pack 4 unidades 120 g","brand":"DANONE ","img":"https://sgfm.elcorteingles.es/SGFM/dctm/MEDIA03/201708/28/00118820101998____6__600x600.jpg","price":"1,69 €","price_unit":"(14,08 € / Kilo)","categories":["Supermercado","Lácteos","Yogures","Yogur natural","DANONE Edición 1919 yogur cremoso natural azucarado pack 4 unidades 120 g"],"general_information":["Denominación del alimento: Yogur natural azucarado","Nombre del operador: Danone S.A.","Dirección del operador: Buenos Aires, 21 - 08029 BARCELONA","Cantidad Neta: 480 g","Número de raciones por envase: 4"],"ingredients":[" Leche pasteurizada, azúcar (5,3%), leche en polvo desnatada, nata pasteurizada y fermentos lácticos. Puede contener trazas de cereales (gluten menos de 3 ppm) y frutos de cáscara."],"conservation":" Consérvese en frío entre 2°C y 6°C","ean":"8410500021504"},{"full_name":"NESTLE KIT KAT yogur natural con bolitas de chocolate pack 2 unidades 115 g","name":"yogur natural con bolitas de chocolate pack 2 unidades 115 g","brand":"NESTLE KIT KAT ","img":"https://sgfm.elcorteingles.es/SGFM/dctm/MEDIA03/201604/20/00118821400167____2__600x600.jpg","price":"1,33 €","price_unit":"(5,78 € / Kilo)","categories":["Supermercado","Lácteos","Yogures","Yogur natural","NESTLE KIT KAT yogur natural con bolitas de chocolate pack 2 unidades 115 g"],"general_information":["Denominación del alimento: Yogur azucarado y trocitos de galleta recubiertos de chocolate con leche","Nombre del operador: Lactalis Nestlé PLRI","Dirección del operador: Avda de la Fama 16-20, Cornella de Llobregat, 08940 Barcelona","Cantidad Neta: 230 g"],"ingredients":[],"conservation":" conservar en frio de 1-8°C","ean":"3023290400395"},{"full_name":"LA FAGEDA yogur natural pack 4 unidades 125 g","name":"yogur natural pack 4 unidades 125 g","brand":"LA FAGEDA ","img":"https://sgfm.elcorteingles.es/SGFM/dctm/MEDIA03/201610/25/00118820100123____1__600x600.jpg","price":"1,59 €","price_unit":"(3,18 € / Kilo)","categories":["Supermercado","Lácteos","Yogures","Yogur natural","LA FAGEDA yogur natural pack 4 unidades 125 g"],"general_information":["Denominación del alimento: Yogur natural","Nombre del operador: La Fageda Fundació","Dirección del operador: Mas Els Casals s/n Santa Pau - Girona - Parc Natural de la Garrotxa","Cantidad Neta: 500 g"],"ingredients":[" Leche fresca, leche desntada en polvo y fermentos lácticos"],"conservation":" Conservar entre 1 y 8°C.","ean":"8424395141247"},{"full_name":"LA FAGEDA yogur natural azucarado pack 4 unidades 125 g","name":"yogur natural azucarado pack 4 unidades 125 g","brand":"LA FAGEDA ","img":"https://sgfm.elcorteingles.es/SGFM/dctm/MEDIA03/201610/25/00118820100115____1__600x600.jpg","price":"1,59 €","price_unit":"(3,18 € / Kilo)","categories":["Supermercado","Lácteos","Yogures","Yogur natural","LA FAGEDA yogur natural azucarado pack 4 unidades 125 g"],"general_information":["Denominación del alimento: yogur natural azucarado","Nombre del operador: La Fageda Fundació","Dirección del operador: Mas Els Casals s/n Santa Pau - Girona - Parc Natural de la Garrotxa","Cantidad Neta: 500 g"],"ingredients":[" Leche fresca, azúcar, leche desnatada en polvo y fermentos lácticos"],"conservation":" Conservar entre 1 y 8°C.","ean":"8424395141223"},{"full_name":"ASTURIANA yogur natural pack 8 unidades 125 g","name":"yogur natural pack 8 unidades 125 g","brand":"ASTURIANA ","img":"https://sgfm.elcorteingles.es/SGFM/dctm/MEDIA03/201605/27/00118820100032____3__600x600.jpg","price":"1,99 €","price_unit":"(1,99 € / Kilo)","categories":["Supermercado","Lácteos","Yogures","Yogur natural","ASTURIANA yogur natural pack 8 unidades 125 g"],"general_information":["Denominación del alimento: Yogur natural","Nombre del operador: Corporación Alimentaria Peñasanta S.A","Dirección del operador: Sierra de Granda, s/n 33199 Siero, Asturias","Cantidad Neta: 1000 g","Número de raciones por envase: 8"],"ingredients":[" Leche parcialmente desnatada, proteínas lácteas y fermentos lácticos naturales"],"conservation":" Conservar en frío entre 1 y 8°C","ean":"8410297170058"},{"full_name":"ASTURIANA yogur azucarado pack 8 unds. 125 g","name":"yogur azucarado pack 8 unds. 125 g","brand":"ASTURIANA ","img":"https://sgfm.elcorteingles.es/SGFM/dctm/MEDIA03/201605/27/00118820100073____1__600x600.jpg","price":"1,99 €","price_unit":"(15,92 € / Kilo)","categories":["Supermercado","Lácteos","Yogures","Yogur natural","ASTURIANA yogur azucarado pack 8 unds. 125 g"],"general_information":["Denominación del alimento: Yogur natural azucarado","Nombre del operador: Corporación Alimentaria Peñasanta S.A","Dirección del operador: Sierra de Granda, s/n 33199 Siero, Asturias","Cantidad Neta: 1000 g","Número de raciones por envase: 8"],"ingredients":[" Leche parcialmente desnatada, azúcar, proteínas lácteas y fermentos lácticos naturales"],"conservation":" Conservar en frío entre 1 y 8°C","ean":"8410297170065"},{"full_name":"LARSA yogur natural pack 8 unidades 125 g","name":"yogur natural pack 8 unidades 125 g","brand":"LARSA ","img":"https://sgfm.elcorteingles.es/SGFM/01/23/8/0118820101238/0118820101238000g01011.jpg","price":"2,27 €","categories":["Supermercado","Lácteos","Yogures","Yogur natural","LARSA yogur natural pack 8 unidades 125 g"],"general_information":["Denominación del alimento: Yogur natural","Nombre del operador: Corporación Alimentaria Peñasanta S.A","Dirección del operador: Avda. Los Martices s/n-36600 Villagarcía de Arosa-Pontevedra","Cantidad Neta: 1000 g","Número de raciones por envase: 8"],"ingredients":[" Leche parcialmente desnatada (2,7%MG), proteínas lácteas y fermentos lácticos"],"conservation":" Conservar en frío entre 1 y 8°C","ean":"8411024940029"},{"full_name":"LARSA yogur natural azucarado pack 8 unidades 125 g","name":"yogur natural azucarado pack 8 unidades 125 g","brand":"LARSA ","img":"https://sgfm.elcorteingles.es/SGFM/01/24/6/0118820101246/0118820101246000g01011.jpg","price":"2,27 €","price_unit":"(2,27 € / Kilo)","categories":["Supermercado","Lácteos","Yogures","Yogur natural","LARSA yogur natural azucarado pack 8 unidades 125 g"],"general_information":["Denominación del alimento: Yogur azucarado","Nombre del operador: Corporación Alimentaria Peñasanta S.A","Dirección del operador: Avda. Los Martices s/n-36600 Villagarcía de Arosa-Pontevedra","Cantidad Neta: 1000 g","Número de raciones por envase: 8"],"ingredients":[" Leche parcialmente desnatada (2,7%MG), proteínas lácteas, azúcar y fermentos lácticos"],"conservation":" Conservar en frío entre 1 y 8°C","ean":"8411024400066"},{"full_name":"LARSA yogur natural tarrina 125 g","name":"yogur natural tarrina 125 g","brand":"LARSA ","img":"https://sgfm.elcorteingles.es/SGFM//00/50/3/0118820100503/0118820100503000g01011.jpg","price":"0,29 €","price_unit":"(2,32 € / Kilo)","categories":["Supermercado","Lácteos","Yogures","Yogur natural","LARSA yogur natural tarrina 125 g"],"general_information":["Denominación del alimento: Yogur natural","Nombre del operador: Corporación Alimentaria Peñasanta S.A","Dirección del operador: Avda. Los Martices s/n-36600 Villagarcía de Arosa-Pontevedra","Cantidad Neta: 125 g"],"ingredients":[" Leche parcialmente desnatada (2,7%MG), proteínas lácteas y fermentos lácticos"],"conservation":" Conservar en frío entre 1 y 8°C","ean":"8411024400004"},{"full_name":"LARSA yogur natural azucarado tarrina 125 g","name":"yogur natural azucarado tarrina 125 g","brand":"LARSA ","img":"https://sgfm.elcorteingles.es/SGFM//00/51/1/0118820100511/0118820100511000g01011.jpg","price":"0,29 €","price_unit":"(2,32 € / Kilo)","categories":["Supermercado","Lácteos","Yogures","Yogur natural","LARSA yogur natural azucarado tarrina 125 g"],"general_information":["Denominación del alimento: Yogur azucarado","Nombre del operador: Corporación Alimentaria Peñasanta S.A","Dirección del operador: Avda. Los Martices s/n-36600 Villagarcía de Arosa-Pontevedra","Cantidad Neta: 125 g"],"ingredients":[" Leche parcialmente desnatada (2,7%MG), proteínas lácteas, azúcar y fermentos lácticos"],"conservation":" Conservar en frío entre 1 y 8°C","ean":"8411024400059"},{"full_name":"COLADILLA yogur natural de leche de vaca frasco 700 g","name":"yogur natural de leche de vaca frasco 700 g","brand":"COLADILLA ","img":"https://sgfm.elcorteingles.es/SGFM/00/17/2/0118820100172/0118820100172000g01011.jpg","price":"2,61 €","price_unit":"(3,73 € / Kilo)","categories":["Supermercado","Lácteos","Yogures","Yogur natural","COLADILLA yogur natural de leche de vaca frasco 700 g"],"general_information":[],"ingredients":[],"ean":"8437003152115"},{"full_name":"COLADILLA yogur natural de leche de oveja frasco 200 g","name":"yogur natural de leche de oveja frasco 200 g","brand":"COLADILLA ","img":"https://sgfm.elcorteingles.es/SGFM/00/19/8/0118820100198/0118820100198000g01011.jpg","price":"1,73 €","price_unit":"(8,65 € / Kilo)","categories":["Supermercado","Lácteos","Yogures","Yogur natural","COLADILLA yogur natural de leche de oveja frasco 200 g"],"general_information":[],"ingredients":[],"ean":"8437003152306"},{"full_name":"KAIKU yogur con aloe vera tarrina 150 g","name":"yogur con aloe vera tarrina 150 g","brand":"KAIKU ","img":"https://sgfm.elcorteingles.es/SGFM/00/60/3/0118823400603/0118823400603000g01011.jpg","price":"0,87 €","price_unit":"(5,80 € / Kilo)","categories":["Supermercado","Lácteos","Yogures","Yogur natural","KAIKU yogur con aloe vera tarrina 150 g"],"general_information":["Denominación del alimento: Yogur semidesnatado con aloe vera","País de origen: España","Nombre del operador: Kaiku Corporación Alimentaria S.L.","Dirección del operador: Paseo de Mikeletegi 55; 20009 San Sebatian (Guipuzcoa)","Cantidad Neta: 150 g","Número de raciones por envase: 1"],"ingredients":[" Leche parcialmente desnatada, aloe vera (10%), azúcar, leche desnatada en polvo, almidón modificado, aroma natural, concentrado de zumo de limón y fermentos lácticos."],"conservation":" Conservar en frío entre 1°C y 8°C","ean":"8410981093182"},{"full_name":"YARANZA kéfir de vaca tarro 140 g","name":"kéfir de vaca tarro 140 g","brand":"YARANZA ","img":"https://sgfm.elcorteingles.es/SGFM/dctm/MEDIA02/CONTENIDOS/201407/21/00118823400611____1__600x600.jpg","price":"0,95 €","price_unit":"(6,79 € / Kilo)","categories":["Supermercado","Lácteos","Yogures","Yogur natural","YARANZA kéfir de vaca tarro 140 g"],"general_information":["Denominación del alimento: Kéfir Vaca","Nombre del operador: Lácteos Yaranza, S.L.","Dirección del operador: Carretera Corbillos, 20 - 24227 Valdelafuente (León)","Cantidad Neta: 140,0 g"],"ingredients":[" Leche de vaca y fermentos lácteos (Lactococcus Lactis,Leuconostoc sp., Streptococcus thermophilus, Lactobacillus sp. y levaduras de kéfir). Contiene leche y sus derivados (incluida la lactosa). Puede contener trazas de frutos de cáscara, restos de la linea de producción."],"conservation":" Refrigeración entre 1°C y 8°C . Una vez abierto, consumir antes de una semana, siempre que no se supere la fecha de caducidad.","ean":"8435143300038"},{"full_name":"EL PASTORET DE LA SEGARRA crema de yogur artesanal envase 1 kg","name":"crema de yogur artesanal envase 1 kg","brand":"EL PASTORET DE LA SEGARRA ","img":"https://sgfm.elcorteingles.es/SGFM/dctm/MEDIA02/CONTENIDOS/201502/18/00201022800757____1__600x600.jpg","price":"3,50 €","price_unit":"(3,50 € / Kilo)","categories":["Supermercado","Lácteos","Yogures","Yogur natural","EL PASTORET DE LA SEGARRA crema de yogur artesanal envase 1 kg"],"general_information":["Denominación del alimento: Yoghourt Artesanal Natural","País de origen: España","Nombre del operador: El Pastoret de la Segarra, S.L.","Dirección del operador: P.I. Bosc del Ferran 25270 Sant Guim de Freixenet (Lleida)","Lugar de procedencia del alimento: España","Cantidad Neta: 1 Kilogramos","Número de raciones por envase: 8"],"ingredients":[" Leche pasterizada de vaca, proteínas de la leche y fermentos lácticos."],"conservation":" Mantener a temperatura entre 2º y 6º C","ean":"8424790105035"},{"full_name":"EL PASTORET DE LA SEGARRA yogur artesanal natural tarrina 500 g","name":"yogur artesanal natural tarrina 500 g","brand":"EL PASTORET DE LA SEGARRA ","img":"https://sgfm.elcorteingles.es/SGFM/dctm/MEDIA02/CONTENIDOS/201412/01/00201020101299____2__600x600.jpg","price":"2,15 €","price_unit":"(4,30 € / Kilo)","categories":["Supermercado","Lácteos","Yogures","Yogur natural","EL PASTORET DE LA SEGARRA yogur artesanal natural tarrina 500 g"],"general_information":["Denominación del alimento: Yoghourt Natural","País de origen: España","Nombre del operador: El Pastoret de la Segarra, S.L.","Dirección del operador: P.I. Bosc del Ferran 25270 Sant Guim de Freixenet (Lleida)","Lugar de procedencia del alimento: España","Cantidad Neta: 500 g","Número de raciones por envase: 4"],"ingredients":[" Leche pasteurizada de vaca, proteínas de  leche y fermentos lácticos."],"conservation":" Mantener a temperatura entre 2º y 6º C. No congelar.","ean":"8424790100047"},{"full_name":"EL PASTORET DE LA SEGARRA yogur artesanal natural azucarado tarrina 500 g","name":"yogur artesanal natural azucarado tarrina 500 g","brand":"EL PASTORET DE LA SEGARRA ","img":"https://sgfm.elcorteingles.es/SGFM/dctm/MEDIA03/201707/07/00118820101352____6__600x600.jpg","price":"2,15 €","price_unit":"(4,30 € / Kilo)","categories":["Supermercado","Lácteos","Yogures","Yogur natural","EL PASTORET DE LA SEGARRA yogur artesanal natural azucarado tarrina 500 g"],"general_information":["Denominación del alimento: Yoghourt Natural con azúcar","País de origen: España","Nombre del operador: El Pastoret de la Segarra, S.L.","Dirección del operador: P.I. Bosc del Ferran 25270 Sant Guim de Freixenet (Lleida)","Lugar de procedencia del alimento: España","Cantidad Neta: 500 g","Número de raciones por envase: 4"],"ingredients":[" Leche pasteurizada de vaca, azúcar (9%), proteínas de leche y fermentos lácticos."],"conservation":" Mantener a temperatura entre 2º y 6º C. No congelar","ean":"8424790101242"},{"full_name":"EL PASTORET DE LA SEGARRA yogur artesanal de cabra natural envase 500 g","name":"yogur artesanal de cabra natural envase 500 g","brand":"EL PASTORET DE LA SEGARRA ","img":"https://sgfm.elcorteingles.es/SGFM/dctm/MEDIA03/201707/07/00118820101923____1__600x600.jpg","price":"2,85 €","price_unit":"(5,70 € / Kilo)","categories":["Supermercado","Lácteos","Yogures","Yogur natural","EL PASTORET DE LA SEGARRA yogur artesanal de cabra natural envase 500 g"],"general_information":["Denominación del alimento: Yoghourt de Cabra Natural","País de origen: España","Nombre del operador: El Pastoret de la Segarra, S.L","Dirección del operador: P.I Bosc del Ferran 25270 Sant Guim de Freixenet ( Lleida)","Lugar de procedencia del alimento: España","Cantidad Neta: 500 g","Número de raciones por envase: 4","Otras menciones obligatorias en la etiqueta: -"],"ingredients":[" Leche  pasteurizada de cabra, leche de cabra desnatada en polvo y fermentos lácticos."],"conservation":" Mantener a temperatura entra 2° y 6°C","ean":"8424790100283"},{"full_name":"EL PASTORET DE LA SEGARRA kéfir envase 500 g","name":"kéfir envase 500 g","brand":"EL PASTORET DE LA SEGARRA ","img":"https://sgfm.elcorteingles.es/SGFM/dctm/MEDIA03/201707/07/00118823401130____1__600x600.jpg","price":"1,70 €","price_unit":"(3,40 € / Kilo)","categories":["Supermercado","Lácteos","Yogures","Yogur natural","EL PASTORET DE LA SEGARRA kéfir envase 500 g"],"general_information":["Denominación del alimento: Kéfir - Leche fermentada","País de origen: España","Nombre del operador: El Pastoret de la Segarra, S.L.","Dirección del operador: P.I. Bosc del Ferran, s/n 25270 Sant Guim de Freixenet (Lleida) SPAIN","Cantidad Neta: 500 g","Número de raciones por envase: 4"],"ingredients":[" Leche pasteurizada de vaca y fermentos lácteos."],"conservation":" Mantener a temperatura entre 2ºC y 6ºC. No congelar.","ean":"8424790111005"},{"full_name":"EL PASTORET DE LA SEGARRA crema de yogur natural envase 125 g","name":"crema de yogur natural envase 125 g","brand":"EL PASTORET DE LA SEGARRA ","img":"https://sgfm.elcorteingles.es/SGFM/dctm/MEDIA03/201607/27/00118822800134____3__600x600.jpg","price":"0,65 €","price_unit":"(5,20 € / Kilo)","categories":["Supermercado","Lácteos","Yogures","Yogur natural","EL PASTORET DE LA SEGARRA crema de yogur natural envase 125 g"],"general_information":["Denominación del alimento: Yoghourt Natural","País de origen: España","Nombre del operador: El Pastoret de la Segarra, S.L.","Dirección del operador: P.I. Bosc del Ferran 25270 Sant Guim de Freixenet (Lleida)","Lugar de procedencia del alimento: España","Cantidad Neta: 125 g","Número de raciones por envase: 1"],"ingredients":[" Leche pasteurizada de vaca, proteínas  de leche y fermentos lácticos."],"conservation":" Mantener a temperatura entre 2º y 6º C","ean":"8424790100108"},{"full_name":"EL PASTORET DE LA SEGARRA yogur artesanal desnatado natural 0% mg envase 125 g","name":"yogur artesanal desnatado natural 0% mg envase 125 g","brand":"EL PASTORET DE LA SEGARRA ","img":"https://sgfm.elcorteingles.es/SGFM/dctm/MEDIA03/201607/27/00118820402917____2__600x600.jpg","price":"0,65 €","price_unit":"(5,20 € / Kilo)","categories":["Supermercado","Lácteos","Yogures","Yogur natural","EL PASTORET DE LA SEGARRA yogur artesanal desnatado natural 0% mg envase 125 g"],"general_information":["Denominación del alimento: Yoghourt Desnatado Natural","País de origen: España","Nombre del operador: El Pastoret de la Segarra, S.L.","Dirección del operador: P.I. Bosc del Ferran 25270 Sant Guim de Freixenet (Lleida)","Lugar de procedencia del alimento: España","Cantidad Neta: 125 g","Número de raciones por envase: 1"],"ingredients":[" Leche desnatada pasteurizada de vaca, proteínas de leche, leche desnatada en polvo y fermentos lácticos."],"conservation":" Mantener a temperatura entre 2º y 6º C.","ean":"8424790100900"},{"full_name":"EL PASTORET DE LA SEGARRA yogur artesanal cremoso natural azucarado envase 125 g","name":"yogur artesanal cremoso natural azucarado envase 125 g","brand":"EL PASTORET DE LA SEGARRA ","img":"https://sgfm.elcorteingles.es/SGFM/dctm/MEDIA03/201709/08/00118822800191____1__600x600.jpg","price":"0,65 €","price_unit":"(5,20 € / Kilo)","categories":["Supermercado","Lácteos","Yogures","Yogur natural","EL PASTORET DE LA SEGARRA yogur artesanal cremoso natural azucarado envase 125 g"],"general_information":["Denominación del alimento: Yoghourt Natural con azúcar","País de origen: España","Nombre del operador: El Pastoret de la Segarra, S.L.","Dirección del operador: P.I. Bosc del Ferran 25270 Sant Guim de Freixenet (Lleida)","Lugar de procedencia del alimento: España","Cantidad Neta: 125 g","Número de raciones por envase: 1"],"ingredients":[" Leche pasteurizada de vaca, azúcar (9%), proteínas de leche y fermentos lácticos."],"conservation":" Mantener a temperatura entre 2º y 6º C","ean":"8424790100702"},{"full_name":"YARANZA yogur natural de oveja tarro 140 g","name":"yogur natural de oveja tarro 140 g","brand":"YARANZA ","img":"https://sgfm.elcorteingles.es/SGFM/dctm/MEDIA02/CONTENIDOS/201407/21/00118822900249____1__600x600.jpg","price":"0,95 €","price_unit":"(6,79 € / Kilo)","categories":["Supermercado","Lácteos","Yogures","Yogur natural","YARANZA yogur natural de oveja tarro 140 g"],"general_information":["Denominación del alimento: Yogur de Oveja","Nombre del operador: Lácteos Yaranza, S.L.","Dirección del operador: Carretera Corbillos, 20 - 24227 Valdelafuente (León)","Cantidad Neta: 125,0 g"],"ingredients":[" Leche de oveja y fermentos lácteos (Streptococcus thermophilus, Lactobacillus delbrueckii Subsp. bulgaricus y Lactobacillus delbrueckii Subsp. lactis). Puede contener trazas de frutos de cáscara, restos de la linea de producción."],"conservation":" Refrigeración entre 1°C y 8°C . Una vez abierto, consumir antes de una semana, siempre que no se supere la fecha de caducidad.","ean":"8435143300014"},{"full_name":"YARANZA yogur natural de cabra envase 140 g","name":"yogur natural de cabra envase 140 g","brand":"YARANZA ","img":"https://sgfm.elcorteingles.es/SGFM/dctm/MEDIA02/CONTENIDOS/201503/03/00118820101790____1__600x600.jpg","price":"0,95 €","price_unit":"(6,79 € / Kilo)","categories":["Supermercado","Lácteos","Yogures","Yogur natural","YARANZA yogur natural de cabra envase 140 g"],"general_information":["Denominación del alimento: Yogur Cabra","Nombre del operador: Lácteos Yaranza, S.L.","Dirección del operador: Carretera Corbillos, 20 - 24227 Valdelafuente (León)","Cantidad Neta: 140,0 g"],"ingredients":[" Leche de cabra y fermentos lácteos (Streptococcus thermophilus, Lactobacillus delbrueckii Subsp. bulgaricus y Lactobacillus delbrueckii Subsp. lactis). Puede contener trazas de frutos de cáscara, restos de la linea de producción."],"conservation":" Refrigeración entre 1°C y 8°C . Una vez abierto, consumir antes de una semana, siempre que no se supere la fecha de caducidad.","ean":"8435143300212"},{"full_name":"CLEM yogur natural envase 1,4 kg","name":"yogur natural envase 1,4 kg","brand":"CLEM ","img":"https://sgfm.elcorteingles.es/SGFM/01/32/3/0201020101323/0201020101323000g01011.jpg","price":"4,95 €","price_unit":"(3,54 € / Kilo)","categories":["Supermercado","Lácteos","Yogures","Yogur natural","CLEM yogur natural envase 1,4 kg"],"general_information":["Denominación del alimento: Yogur Natural","País de origen: España","Nombre del operador: SAT La Clementina","Dirección del operador: B° La Rozada, 189 - 39640 Cantabria","Lugar de procedencia del alimento: Cantabria","Cantidad Neta: 1.3 Kilogramos","Otras menciones obligatorias en la etiqueta: Sin colorantes, ni conservantes."],"ingredients":[" Leche pasteurizada, y fermento láctico"],"conservation":" Consérvese en el frigoréfico a temperaturas entre 0 y 4°C. Una vez abierto el envase, consumir entre 1-3 días siguientes.","ean":"8437012561113"},{"full_name":"GOSHUA yogur natural de leche de oveja pack 2 unidades 125 g","name":"yogur natural de leche de oveja pack 2 unidades 125 g","brand":"GOSHUA ","img":"https://sgfm.elcorteingles.es/SGFM/dctm/MEDIA03/201706/19/00118820101808____3__600x600.jpg","price":"1,75 €","price_unit":"(7 € / Kilo)","categories":["Supermercado","Lácteos","Yogures","Yogur natural","GOSHUA yogur natural de leche de oveja pack 2 unidades 125 g"],"general_information":["Denominación del alimento: Yogur oveja natural","Nombre del operador: Lácteos Goshua, S.A.","Dirección del operador: Polígono Elordi, calle B, n°2 - 31797 Iráizoz (Navarra)","Cantidad Neta: 250 g","Número de raciones por envase: 2"],"ingredients":[" Leche Entera de Oveja, Fermentos Lácteos Activos.  Contiene leche y otros derivados Lácteos incluída la lactosa."],"conservation":" Conservar entre 1°C y 7°C.","ean":"8413311002427"},{"full_name":"SEÑORIO DE SARRIA yogur natural sin aditivos pack 2 unidades 125 g","name":"yogur natural sin aditivos pack 2 unidades 125 g","brand":"SEÑORIO DE SARRIA ","img":"https://sgfm.elcorteingles.es/SGFM/01/37/8/0118820101378/0118820101378000g01011.jpg","price":"1,40 €","price_unit":"(5,60 € / Kilo)","categories":["Supermercado","Lácteos","Yogures","Yogur natural","SEÑORIO DE SARRIA yogur natural sin aditivos pack 2 unidades 125 g"],"general_information":["Denominación del alimento: Yogur natural","Nombre del operador: Señorio de Sarría, S.A","Dirección del operador: Finca Puente la Reina, s/n -31100 Puente la Reina (Navarra)","Cantidad Neta: 250,0 g"],"ingredients":[" Leche de vaca entera pasteurizada, nata y fermentos lácticos."],"conservation":" Conservese entre 1°C y 8°C","ean":"8414345010143"},{"full_name":"SANTOLAYA yogur natural tarro 190 g","name":"yogur natural tarro 190 g","brand":"SANTOLAYA ","img":"https://sgfm.elcorteingles.es/SGFM/dctm/MEDIA03/201706/22/00201022900250____1__600x600.jpg","price":"0,95 €","price_unit":"(4,48 € / Kilo)","categories":["Supermercado","Lácteos","Yogures","Yogur natural","SANTOLAYA yogur natural tarro 190 g"],"general_information":["Denominación del alimento: Yogur natural","Nombre del operador: Santolaya C.B","Dirección del operador: Sta. Eulalia s/n  - 33310 Cabranes (Asturias)","Cantidad Neta: 200 g"],"ingredients":[" Leche natural pasterizada de vaca, fermentos."],"conservation":" Manterner a temperatura de conservación entre 3 y 6°C.","ean":"8437013596022"},{"full_name":"LA ERMITA DE SAN PEDRO yogur natural sin gluten envase 1 kg","name":"yogur natural sin gluten envase 1 kg","brand":"LA ERMITA DE SAN PEDRO ","img":"https://sgfm.elcorteingles.es/SGFM/dctm/MEDIA03/201709/06/00118820101949____1__600x600.jpg","price":"2,40 €","price_unit":"(2,40 € / Kilo)","categories":["Supermercado","Lácteos","Yogures","Yogur natural","LA ERMITA DE SAN PEDRO yogur natural sin gluten envase 1 kg"],"general_information":["Denominación del alimento: Yogur natural","País de origen: España","Nombre del operador: Delicatessen La Ermita, S.L.","Dirección del operador: CARRETERA NACIONAL 634, S/N- 39591 CASAR DE PERIEDO","Cantidad Neta: 1000 g"],"ingredients":[" Leche entera de vaca pasteurizada, nata pasteurizada y fermentos lácticos. CONTIENE LECHE Y SUS DERIVADOS"],"conservation":" Conservar refrigerado entre 0 y 8°C","ean":"8436019988077"},{"full_name":"LA ERMITA DE SAN PEDRO yogur natural cremoso azucarado sin gluten envase 1 kg","name":"yogur natural cremoso azucarado sin gluten envase 1 kg","brand":"LA ERMITA DE SAN PEDRO ","img":"https://sgfm.elcorteingles.es/SGFM/dctm/MEDIA03/201709/06/00118820101956____1__600x600.jpg","price":"2,00 €","price_unit":"(2 € / Kilo)","categories":["Supermercado","Lácteos","Yogures","Yogur natural","LA ERMITA DE SAN PEDRO yogur natural cremoso azucarado sin gluten envase 1 kg"],"general_information":["Denominación del alimento: Cremoso de yogur azucarado","País de origen: España","Nombre del operador: Delicatessen La Ermita, S.L.","Dirección del operador: CARRETERA NACIONAL 634, S/N- 39591 CASAR DE PERIEDO","Cantidad Neta: 1000 g"],"ingredients":[" Leche entera de vaca pasteurizada, nata pasteurizada, azúcar y fermentos lácticos. CONTIENE LECHE Y SUS DERIVADOS"],"conservation":" Conservar refrigerado entre 0 y 8°C","ean":"8436019988060"},{"full_name":"LA ERMITA DE SAN PEDRO crema de yogur natural azucarado tarro 185 g","name":"crema de yogur natural azucarado tarro 185 g","brand":"LA ERMITA DE SAN PEDRO ","img":"https://sgfm.elcorteingles.es/SGFM/dctm/MEDIA02/CONTENIDOS/201407/21/00118822800456____1__600x600.jpg","price":"1,33 €","price_unit":"(7,19 € / Kilo)","categories":["Supermercado","Lácteos","Yogures","Yogur natural","LA ERMITA DE SAN PEDRO crema de yogur natural azucarado tarro 185 g"],"general_information":["Denominación del alimento: Cremosos yogurt natural azucarado","País de origen: España","Nombre del operador: Delicatessen La Ermita, S.L.","Dirección del operador: CARRETERA NACIONAL 634, S/N- 39591 CASAR DE PERIEDO","Cantidad Neta: 185 g","Número de raciones por envase: 2"],"ingredients":[" Leche entera de vaca pasteurizada, nata pasteurizada, azúcar y fermentos lácticos. CONTIENE LECHE Y SUS DERIVADOS"],"conservation":" Conservar refrigerado entre 0 y 8°C","ean":"8436019980453"},{"full_name":"REINA yogur natural con azúcar de caña envase 500 g","name":"yogur natural con azúcar de caña envase 500 g","brand":"REINA ","img":"https://sgfm.elcorteingles.es/SGFM/dctm/MEDIA03/201604/20/00118820101774____2__600x600.jpg","price":"1,45 €","price_unit":"(2,90 € / Kilo)","categories":["Supermercado","Lácteos","Yogures","Yogur natural","REINA yogur natural con azúcar de caña envase 500 g"],"general_information":["Denominación del alimento: Yogur Natural Azucarado con azúcar de caña","País de origen: España","Nombre del operador: Postres y Dulces Reina,S.L.","Dirección del operador: Montero Alimentación, S.L. Avda. Severo Ochoa, 62. 29590 P.T.A. Málaga","Cantidad Neta: 500 g","Número de raciones por envase: 1"],"ingredients":[" Leche entera, leche en polvo desnatada, azúcar de caña (7%), leche en polvo y fermentos lácticos."],"conservation":" Conservar entre +2 y +6°C","ean":"8424893600017"},{"full_name":"REINA yogur con chocobolas pack 2 unidades 143 g","name":"yogur con chocobolas pack 2 unidades 143 g","brand":"REINA ","img":"https://sgfm.elcorteingles.es/SGFM/dctm/MEDIA03/201604/20/00118821400332____2__600x600.jpg","price":"1,49 €","price_unit":"(5,21 € / Kilo)","categories":["Supermercado","Lácteos","Yogures","Yogur natural","REINA yogur con chocobolas pack 2 unidades 143 g"],"general_information":["Denominación del alimento: Yogur Natural Azucarado y Bolitas de Cereales Bañadas en Chocolate","País de origen: España","Nombre del operador: Postres y Dulces Reina,S.L.","Dirección del operador: Montero Alimentación, S.L. Avda. Severo Ochoa, 62. 29590 P.T.A. Málaga","Cantidad Neta: 286 g","Número de raciones por envase: 2"],"ingredients":[" Yogur (87%): Leche entera, leche desnatada en polvo, azúcar (6%), leche entera en polvo y fermentos lácticos. Bolitas de cereales bañadas con chocolate (13%): Chocolate, chocolate blanco y chocolate con leche (67,2%) [azúcar, manteca de cacao, leche entera en polvo, pasta de cacao, leche desnatada en polvo, emulgente (lecitinas) y aromas], cereal extrusionado (32,7%) [harina de arroz, harina de trigo, sacarosa, malta en polvo, dextrosa y sal], espesante (goma arábiga y agente de recubrimiento (goma laca)."],"conservation":" Conservar en frío entre +2 y +6°C","ean":"8424893600024"},{"full_name":"CARMEN yogur natural con azúcar moreno tarro 200 g","name":"yogur natural con azúcar moreno tarro 200 g","brand":"CARMEN ","img":"https://sgfm.elcorteingles.es/SGFM/dctm/MEDIA03/201708/28/00118820101972____1__600x600.jpg","price":"0,99 €","price_unit":"(4,95 € / Kilo)","categories":["Supermercado","Lácteos","Yogures","Yogur natural","CARMEN yogur natural con azúcar moreno tarro 200 g"],"general_information":[],"ingredients":[],"ean":"8437004315021"},{"full_name":"CARMEN yogur natural tarro 200 g","name":"yogur natural tarro 200 g","brand":"CARMEN ","img":"https://sgfm.elcorteingles.es/SGFM/dctm/MEDIA03/201708/28/00118820101964____1__600x600.jpg","price":"0,99 €","price_unit":"(4,95 € / Kilo)","categories":["Supermercado","Lácteos","Yogures","Yogur natural","CARMEN yogur natural tarro 200 g"],"general_information":[],"ingredients":[],"ean":"8437004315113"},{"full_name":"RD kéfir de vaca 3,5 % materia grasa tarro 500 ml","name":"kéfir de vaca 3,5 % materia grasa tarro 500 ml","brand":"RD ","img":"https://sgfm.elcorteingles.es/SGFM/dctm/MEDIA03/201706/14/00201022400285____1__600x600.jpg","price":"1,82 €","price_unit":"(3,64 € / Litro)","categories":["Supermercado","Lácteos","Yogures","Yogur natural","RD kéfir de vaca 3,5 % materia grasa tarro 500 ml"],"general_information":[],"ingredients":[],"ean":"4260168541395"},{"full_name":"RD yogur suave con azúcar caramelizado tarro 5 l","name":"yogur suave con azúcar caramelizado tarro 5 l","brand":"RD ","img":"https://sgfm.elcorteingles.es/SGFM/dctm/MEDIA03/201706/14/00201020101893____1__600x600.jpg","price":"1,38 €","price_unit":"(0,28 € / Litro)","categories":["Supermercado","Lácteos","Yogures","Yogur natural","RD yogur suave con azúcar caramelizado tarro 5 l"],"general_information":[],"ingredients":[],"ean":"4260168541401"},{"full_name":"VILLACORONA yogur natural pack 2 unidades 125 g","name":"yogur natural pack 2 unidades 125 g","brand":"VILLACORONA ","img":"https://sgfm.elcorteingles.es/SGFM/dctm/MEDIA02/CONTENIDOS/201412/04/00201020101687____1__600x600.jpg","price":"0,65 €","price_unit":"(2,60 € / Kilo)","categories":["Supermercado","Lácteos","Yogures","Yogur natural","VILLACORONA yogur natural pack 2 unidades 125 g"],"general_information":["Denominación del alimento: Yogurt","Nombre del operador: Villa Corona, S.A.","Dirección del operador: Ctra. Castellón, km. 221 - 50730 El Burgo de Ebro (Zaragoza) - España.","Cantidad Neta: 250,0 g"],"ingredients":[" Leche entera de vaca pasterizada, proteínas lácteas concentradas (leche), y fermentos lácticos."],"conservation":" Su caducidad es de 36 días en almacenamiente refrigerado (2°C-8°C).","ean":"8423349006205"},{"full_name":"LACTURALE Lactu yogur natural sin gluten pack 4 unidades envase 125 g","name":"Lactu yogur natural sin gluten pack 4 unidades envase 125 g","brand":"LACTURALE ","img":"https://sgfm.elcorteingles.es/SGFM/dctm/MEDIA03/201709/21/00118820101501____1__600x600.jpg","price":"1,39 €","price_unit":"(2,78 € / Kilo)","categories":["Supermercado","Lácteos","Yogures","Yogur natural","LACTURALE Lactu yogur natural sin gluten pack 4 unidades envase 125 g"],"general_information":[],"ingredients":[],"ean":"8437009378083"},{"full_name":"ULTZAMA yogur de oveja natural sin gluten pack 2 unidades 80 g","name":"yogur de oveja natural sin gluten pack 2 unidades 80 g","brand":"ULTZAMA ","img":"https://sgfm.elcorteingles.es/SGFM/dctm/MEDIA03/201712/20/00118820102061____1__600x600.jpg","price":"1,24 €","price_unit":"(7,75 € / Kilo)","categories":["Supermercado","Lácteos","Yogures","Yogur natural","ULTZAMA yogur de oveja natural sin gluten pack 2 unidades 80 g"],"general_information":["Denominación del alimento: Yogur natural de leche de oveja-","Nombre del operador: Sat Ultzamakoak","Dirección del operador: Ctra NA-121A Km 25 -31798 Lantz (Navarra) - España.","Cantidad Neta: 160 g"],"ingredients":[" leche 100% de oveja pasteurizada y homogeneizada y fermentos lácticos."],"conservation":" Conservar refrigerado de 2 a 4°C","ean":"8437000629016"},{"full_name":"ULTZAMA yogur de oveja natural azucarado sin gluten pack 2 unidades 80 g","name":"yogur de oveja natural azucarado sin gluten pack 2 unidades 80 g","brand":"ULTZAMA ","img":"https://sgfm.elcorteingles.es/SGFM/dctm/MEDIA03/201712/20/00118820102079____1__600x600.jpg","price":"1,24 €","price_unit":"(7,75 € / Kilo)","categories":["Supermercado","Lácteos","Yogures","Yogur natural","ULTZAMA yogur de oveja natural azucarado sin gluten pack 2 unidades 80 g"],"general_information":["Denominación del alimento: Yogur natural azucarado de leche de oveja-","Nombre del operador: Sat Ultzamakoak","Dirección del operador: Ctra NA-121A Km 25 -31798 Lantz (Navarra) - España.","Cantidad Neta: 160 g"],"ingredients":[" leche de oveja pasteurizada y homogeneizada 90%, azúcar 10%  y fermentos lácticos."],"conservation":" Conservar refrigerado de 2 a 4°C","ean":"8437000629122"},{"full_name":"EL CORTE INGLES yogur natural desnatado edulcorado pack 8 unidades 125 g","name":"yogur natural desnatado edulcorado pack 8 unidades 125 g","brand":"EL CORTE INGLES ","img":"https://sgfm.elcorteingles.es/SGFM/dctm/MEDIA03/201610/05/00118820403121____1__600x600.jpg","price":"1,28 €","price_unit":"(1,28 € / Kilo)","categories":["Supermercado","Lácteos","Yogures","Yogur natural desnatado","EL CORTE INGLES yogur natural desnatado edulcorado pack 8 unidades 125 g"],"general_information":["Denominación del alimento: YOGUR EDULCORADO DESNATADO","Nombre del operador: Elaborado para El Corte Inglés por\nL.N.P.L.R Guadalajara, S.L \nC /Hernán Cortés, s/n (Poligono Henares)\n 19180 Marchamalo (Guadalajara) - España","Cantidad Neta: 1000 g","Número de raciones por envase: 8.0"],"ingredients":[" INGREDIENTES:\n\nLeche desnatada, proteínas de leche y lactosa, edulcorantes (aspartamo* y acesulfamo K), fermentos lácticos.\n\n*Contiene una fuente de fenilalanina.\nCONTIENE AZÚCARES NATURALMENTE PRESENTES."],"conservation":" Conservar en frio entre 1ºC y 8ºC","ean":"8433329067942"},{"full_name":"EL CORTE INGLES yogur natural desnatado 0% pack 8 unidades 125 g","name":"yogur natural desnatado 0% pack 8 unidades 125 g","brand":"EL CORTE INGLES ","img":"https://sgfm.elcorteingles.es/SGFM/dctm/MEDIA03/201706/05/00118820403204____1__600x600.jpg","price":"1,28 €","price_unit":"(10,24 € / Kilo)","categories":["Supermercado","Lácteos","Yogures","Yogur natural desnatado","EL CORTE INGLES yogur natural desnatado 0% pack 8 unidades 125 g"],"general_information":["Denominación del alimento: YOGUR NATURAL DESNATADO","Nombre del operador: Elaborado para El Corte Inglés por\nL.N.P.L.R Guadalajara, S.L \nC /Hernán Cortés, s/n (Poligono Henares)\n 19180 Marchamalo (Guadalajara) - España","Cantidad Neta: 1000 g","Número de raciones por envase: 8.0"],"ingredients":[" INGREDIENTES:\n\nLeche desnatada, proteínas de leche y lactosa, fermentos lácticos."],"conservation":" Conservar en frio entre 1ºC y 8ºC","ean":"8433329067935"},{"full_name":"DANONE VITALINEA yogur natural desnatado pack 4 unidades 125 g","name":"yogur natural desnatado pack 4 unidades 125 g","brand":"DANONE VITALINEA ","img":"https://sgfm.elcorteingles.es/SGFM/dctm/MEDIA03/201604/12/00118820400192____2__600x600.jpg","price":"1,00 €","price_unit":"(2 € / Kilo)","categories":["Supermercado","Lácteos","Yogures","Yogur natural desnatado","DANONE VITALINEA yogur natural desnatado pack 4 unidades 125 g"],"general_information":["Denominación del alimento: Leche fermentada natural desnatada","Nombre del operador: Danone S.A.","Dirección del operador: Buenos Aires, 21 - 08029 BARCELONA","Cantidad Neta: 500 g","Número de raciones por envase: 4"],"ingredients":[" Leche desnatada, leche en polvo desnatada, fermentos lácticos y gelatina."],"conservation":" Consérvese en frío entre 2°C y 6°C","ean":"8410500006259"},{"full_name":"DANONE VITALINEA yogur natural desnatado edulcorado pack 8 unidades 125 g","name":"yogur natural desnatado edulcorado pack 8 unidades 125 g","brand":"DANONE VITALINEA ","img":"https://sgfm.elcorteingles.es/SGFM/dctm/MEDIA03/201604/12/00118820402263____2__600x600.jpg","price":"1,92 €","price_unit":"(1,92 € / Kilo)","categories":["Supermercado","Lácteos","Yogures","Yogur natural desnatado","DANONE VITALINEA yogur natural desnatado edulcorado pack 8 unidades 125 g"],"general_information":["Denominación del alimento: Leche fermentada edulcorada desnatada","Nombre del operador: Danone S.A.","Dirección del operador: Buenos Aires, 21 - 08029 BARCELONA","Cantidad Neta: 1000 g","Número de raciones por envase: 8"],"ingredients":[" Leche pasteurizada desnatada, leche en polvo desnatada, fermentos lácticos, gelatina y edulcorantes (acesulfame K y sucralosa)."],"conservation":" Consérvese en frío entre 2°C y 6°C","ean":"8410500014520"},{"full_name":"DANONE VITALINEA yogur natural desnatado edulcorado pack 4 unidades 125 g","name":"yogur natural desnatado edulcorado pack 4 unidades 125 g","brand":"DANONE VITALINEA ","img":"https://sgfm.elcorteingles.es/SGFM/dctm/MEDIA03/201611/18/00118820400200____3__600x600.jpg","price":"1,00 €","price_unit":"(2 € / Kilo)","categories":["Supermercado","Lácteos","Yogures","Yogur natural desnatado","DANONE VITALINEA yogur natural desnatado edulcorado pack 4 unidades 125 g"],"general_information":["Denominación del alimento: Leche fermentada edulcorada desnatada","Nombre del operador: Danone S.A.","Dirección del operador: Buenos Aires, 21 - 08029 BARCELONA","Cantidad Neta: 500 g","Número de raciones por envase: 4"],"ingredients":[" Leche pasteurizada desnatada, leche en polvo desnatada, fermentos lácticos, gelatina y edulcorantes (acesulfame K y sucralosa)."],"conservation":" Consérvese en frío entre 2°C y 6°C","ean":"8410500006266"},{"full_name":"DANONE VITALINEA yogur cremoso natural desnatado edulcorado pack 4 unidades 125 g","name":"yogur cremoso natural desnatado edulcorado pack 4 unidades 125 g","brand":"DANONE VITALINEA ","img":"https://sgfm.elcorteingles.es/SGFM/dctm/MEDIA03/201606/21/00118820402495____1__600x600.jpg","price":"1,69 €","price_unit":"(3,38 € / Kilo)","categories":["Supermercado","Lácteos","Yogures","Yogur natural desnatado","DANONE VITALINEA yogur cremoso natural desnatado edulcorado pack 4 unidades 125 g"],"general_information":["Denominación del alimento: Leche fermentada natural desnatada con azúcares (fructosa) y edulcorantes.","Nombre del operador: Danone S.A.","Dirección del operador: Buenos Aires, 21 - 08029 BARCELONA","Cantidad Neta: 500 g","Número de raciones por envase: 4"],"ingredients":[" Leche desnatada, fructosa (2,5%), leche en polvo desnatada, fermentos lácticos, proteínas de leche, gelatina y edulcorantes (acesulfame K y sucralosa)."],"conservation":" Consérvese en frío entre 2°C y 6°C","ean":"8410500015589"},{"full_name":"LA FAGEDA yogur desnatado natural pack 4 unidades 125 g","name":"yogur desnatado natural pack 4 unidades 125 g","brand":"LA FAGEDA ","img":"https://sgfm.elcorteingles.es/SGFM/dctm/MEDIA03/201610/25/00118820400119____1__600x600.jpg","price":"1,80 €","price_unit":"(3,60 € / Kilo)","categories":["Supermercado","Lácteos","Yogures","Yogur natural desnatado","LA FAGEDA yogur desnatado natural pack 4 unidades 125 g"],"general_information":["Denominación del alimento: Yogur natural desnatado","Nombre del operador: La Fageda Fundació","Dirección del operador: Mas Els Casals s/n Santa Pau - Girona - Parc Natural de la Garrotxa","Cantidad Neta: 500 g"],"ingredients":[" Leche fresca desnatada, leche desnatada en polvo, proteínas de leche y fermentos lácticos."],"conservation":" Conservar entre 1 y 8°C.","ean":"8424395141186"},{"full_name":"NESTLE SVELTESSE yogur natural desnatado pack 4 unidades 125 g","name":"yogur natural desnatado pack 4 unidades 125 g","brand":"NESTLE SVELTESSE ","img":"https://sgfm.elcorteingles.es/SGFM/dctm/MEDIA03/201610/21/00118820400788____1__600x600.jpg","price":"1,44 €","price_unit":"(2,88 € / Kilo)","categories":["Supermercado","Lácteos","Yogures","Yogur natural desnatado","NESTLE SVELTESSE yogur natural desnatado pack 4 unidades 125 g"],"general_information":["Denominación del alimento: Leche fermentada desnatada","Nombre del operador: Lactalis Nestlé PLRI","Dirección del operador: Avda de la Fama 16-20, Cornella de Llobregat, 08940 Barcelona","Cantidad Neta: 500 g"],"ingredients":[],"conservation":" conservar en frio de 1-8°C","ean":"8410100056401"},{"full_name":"LARSA yogur natural desnatado tarrina 125 g","name":"yogur natural desnatado tarrina 125 g","brand":"LARSA ","img":"https://sgfm.elcorteingles.es/SGFM//00/51/5/0118820400515/0118820400515000g01011.jpg","price":"0,38 €","price_unit":"(3,04 € / Kilo)","categories":["Supermercado","Lácteos","Yogures","Yogur natural desnatado","LARSA yogur natural desnatado tarrina 125 g"],"general_information":["Denominación del alimento: Yogur desnatado natural","Nombre del operador: Corporación Alimentaria Peñasanta S.A","Dirección del operador: Avda. Los Martices s/n-36600 Villagarcía de Arosa-Pontevedra","Cantidad Neta: 125 g"],"ingredients":[" Leche desnatada, proteinas lácteas y  fermentos lácticos."],"conservation":" Conservar en frío entre 1 y 8°C","ean":"8411024400011"},{"full_name":"REINA EntreHoras yogur natural edulcorado 0% envase 180 g","name":"EntreHoras yogur natural edulcorado 0% envase 180 g","brand":"REINA ","img":"https://sgfm.elcorteingles.es/SGFM/dctm/MEDIA03/201610/25/00118820403139____1__600x600.jpg","price":"0,81 €","price_unit":"(4,50 € / Kilo)","categories":["Supermercado","Lácteos","Yogures","Yogur natural desnatado","REINA EntreHoras yogur natural edulcorado 0% envase 180 g"],"general_information":["Denominación del alimento: Leche desnatada fermentada con edulcorantes","País de origen: España","Nombre del operador: Postres y Dulces Reina,S.L.","Dirección del operador: Montero Alimentación, S.L. Avda. Severo Ochoa, 62. 29590 P.T.A. Málaga","Cantidad Neta: 180 g","Número de raciones por envase: 1"],"ingredients":[" Leche desnatada, proteína de la leche, leche desnatada en polvo, fibra alimentaria (inulina), gelatina, estabilizante (citrato trisódico), lactasa, fermentos lácticos y edulcorantes (sucralosa y acesulfame)."],"conservation":" Conservar en frío entre +2 y +6 °C","ean":"8424893600185"},{"full_name":"EL PASTORET DE LA SEGARRA yogur artesanal desnatado 0% mg endulzado con stevia tarrina 500 g","name":"yogur artesanal desnatado 0% mg endulzado con stevia tarrina 500 g","brand":"EL PASTORET DE LA SEGARRA ","img":"https://sgfm.elcorteingles.es/SGFM/dctm/MEDIA02/CONTENIDOS/201501/20/00118820101543____2__600x600.jpg","price":"2,15 €","price_unit":"(4,30 € / Kilo)","categories":["Supermercado","Lácteos","Yogures","Yogur natural desnatado","EL PASTORET DE LA SEGARRA yogur artesanal desnatado 0% mg endulzado con stevia tarrina 500 g"],"general_information":["Denominación del alimento: Yoghourt Desnatado endulzado con Stevia","País de origen: España","Nombre del operador: El Pastoret de la Segarra, S.L.","Dirección del operador: P.I. Bosc del Ferran 25270 Sant Guim de Freixenet (Lleida)","Lugar de procedencia del alimento: España","Cantidad Neta: 500 g","Número de raciones por envase: 4"],"ingredients":[" Leche desnatada pasteurizada de vaca, proteínas de leche, estevia y fermentos lácticos."],"conservation":" Mantener a temperatura entre 2º y 6º C","ean":"8424790100245"},{"full_name":"EL PASTORET DE LA SEGARRA yogur artesanal desnatado natural 0% mg tarrina 500 g","name":"yogur artesanal desnatado natural 0% mg tarrina 500 g","brand":"EL PASTORET DE LA SEGARRA ","img":"https://sgfm.elcorteingles.es/SGFM/01/52/1/0201020101521/0201020101521000g01011.jpg","price":"2,15 €","price_unit":"(4,30 € / Kilo)","categories":["Supermercado","Lácteos","Yogures","Yogur natural desnatado","EL PASTORET DE LA SEGARRA yogur artesanal desnatado natural 0% mg tarrina 500 g"],"general_information":["Denominación del alimento: Yoghourt desnatado natural","País de origen: España","Nombre del operador: EL Pastoret de la Segarra, S.L.","Dirección del operador: P.I. Bosc del Ferran 25270 Sant Guim de Freixenet (Lleida)","Lugar de procedencia del alimento: España","Cantidad Neta: 500 g","Número de raciones por envase: 4"],"ingredients":[" Leche desnatada pasteurizada de vaca, proteínas de leche, leche desnatada en polvo y  fermentos lácticos."],"conservation":" Mantener a temperatura entre 2º y 6º C","ean":"8424790100146"},{"full_name":"EL PASTORET DE LA SEGARRA yogur artesanal desnatado natural endulzado con stevia 0% mg envase 125 g","name":"yogur artesanal desnatado natural endulzado con stevia 0% mg envase 125 g","brand":"EL PASTORET DE LA SEGARRA ","img":"https://sgfm.elcorteingles.es/SGFM/dctm/MEDIA02/CONTENIDOS/201507/03/00118820402925____1__600x600.jpg","price":"0,65 €","price_unit":"(5,20 € / Kilo)","categories":["Supermercado","Lácteos","Yogures","Yogur natural desnatado","EL PASTORET DE LA SEGARRA yogur artesanal desnatado natural endulzado con stevia 0% mg envase 125 g"],"general_information":["Denominación del alimento: Yoghourt Desnatado endulzado con Stevia","País de origen: España","Nombre del operador: El Pastoret de la Segarra, S.L.","Dirección del operador: P.I. Bosc del Ferran 25270 Sant Guim de Freixenet (Lleida)","Lugar de procedencia del alimento: España","Cantidad Neta: 125 g","Número de raciones por envase: 1"],"ingredients":[" Leche desnatada pasteurizada de vaca, proteínas de leche, estevia y fermentos lácticos."],"conservation":" Mantener a temperatura entre 2º y 6º C","ean":"8424790100917"},{"full_name":"REINA yogur natural desnatado edulcorado envase 500 g","name":"yogur natural desnatado edulcorado envase 500 g","brand":"REINA ","img":"https://sgfm.elcorteingles.es/SGFM/dctm/MEDIA03/201604/20/00118820402933____2__600x600.jpg","price":"1,49 €","price_unit":"(2,98 € / Kilo)","categories":["Supermercado","Lácteos","Yogures","Yogur natural desnatado","REINA yogur natural desnatado edulcorado envase 500 g"],"general_information":["Denominación del alimento: Yogur desnatado edulcorado","País de origen: España","Nombre del operador: Postres y Dulces Reina,S.L.","Dirección del operador: Montero Alimentación, S.L. Avda. Severo Ochoa, 62. 29590 P.T.A. Málaga","Cantidad Neta: 500 g","Número de raciones por envase: 1","Otras menciones obligatorias en la etiqueta: Sin azúcares añadidos"],"ingredients":[" Leche desnatada, leche en polvo desnatada, sucralosa, acesulfame y fermentos lácticos."],"conservation":" Conservar en frío entre +2 y +6°C","ean":"8424893600147"},{"full_name":"ASTURIANA yogur desnatado natural envase 125 g","name":"yogur desnatado natural envase 125 g","brand":"ASTURIANA ","img":"https://sgfm.elcorteingles.es/SGFM/dctm/MEDIA03/201708/24/00118820403055____1__600x600.jpg","price":"0,29 €","price_unit":"(2,32 € / Kilo)","categories":["Supermercado","Lácteos","Yogures","Yogur natural desnatado","ASTURIANA yogur desnatado natural envase 125 g"],"general_information":["Denominación del alimento: Yogur Desnatado Natural","Nombre del operador: Corporación Alimentaria Peñasanta,","Dirección del operador: LG Sierra de Granda, s/n, 33199, Siero - Asturias.","Cantidad Neta: 0.125 Litros"],"ingredients":[" Leche desnatada, proteínas de la leche, fermentos lácticos naturales"],"conservation":" Conservar en frio entre 1 y 8ºC","ean":"8410297230301"},{"full_name":"LA ERMITA DE SAN PEDRO yogur natural desnatado sin  gluten envase 1 kg","name":"yogur natural desnatado sin  gluten envase 1 kg","brand":"LA ERMITA DE SAN PEDRO ","img":"https://sgfm.elcorteingles.es/SGFM/dctm/MEDIA03/201709/06/00118820403220____1__600x600.jpg","price":"2,40 €","price_unit":"(2,40 € / Kilo)","categories":["Supermercado","Lácteos","Yogures","Yogur natural desnatado","LA ERMITA DE SAN PEDRO yogur natural desnatado sin  gluten envase 1 kg"],"general_information":["Denominación del alimento: Yogur natural desnatado 0%","País de origen: España","Nombre del operador: Delicatessen La Ermita, S.L.","Dirección del operador: CARRETERA NACIONAL 634, S/N- 39591 CASAR DE PERIEDO","Cantidad Neta: 1000 g"],"ingredients":[" Leche desnatada pasteurizada, leche en polvo desnatada y fermentos lácticos. CONTIENE LECHE Y SUS DERIVADOS"],"conservation":" Conservar refrigerado entre 0 y 8°C","ean":"8436019988107"},{"full_name":"LA ERMITA DE SAN PEDRO yogur natural desnatado sin gluten envase 185 g","name":"yogur natural desnatado sin gluten envase 185 g","brand":"LA ERMITA DE SAN PEDRO ","img":"https://sgfm.elcorteingles.es/SGFM/dctm/MEDIA03/201709/06/00118820403212____1__600x600.jpg","price":"1,13 €","price_unit":"(6,11 € / Kilo)","categories":["Supermercado","Lácteos","Yogures","Yogur natural desnatado","LA ERMITA DE SAN PEDRO yogur natural desnatado sin gluten envase 185 g"],"general_information":["Denominación del alimento: Yogur natural desnatado  0%","País de origen: España","Nombre del operador: Delicatessen La Ermita, S.L.","Dirección del operador: CARRETERA NACIONAL 634, S/N- 39591 CASAR DE PERIEDO","Cantidad Neta: 185 g"],"ingredients":[" Leche desnatada pasteurizada, leche en polvo desnatada y fermentos lácticos. CONTIENE LECHE Y SUS DERIVADOS"],"conservation":" Conservar refrigerado entre 0 y 8°C","ean":"8436019981443"},{"full_name":"EL CORTE INGLES yogur sabores 4 fresa + 4 macedonia + 2 coco + 2 limón pack 12 unidades 125 g","name":"yogur sabores 4 fresa + 4 macedonia + 2 coco + 2 limón pack 12 unidades 125 g","brand":"EL CORTE INGLES ","img":"https://sgfm.elcorteingles.es/SGFM/dctm/MEDIA03/201701/04/00118820202085____1__600x600.jpg","price":"1,50 €","price_unit":"(1 € / Kilo)","categories":["Supermercado","Lácteos","Yogures","Yogur sabores","EL CORTE INGLES yogur sabores 4 fresa + 4 macedonia + 2 coco + 2 limón pack 12 unidades 125 g"],"general_information":["Denominación del alimento: YOGUR AZUCARADO SABORES A FRESA, LIMÓN, COCO Y MACEDONIA SEMIDESNATADO","Nombre del operador: Elaborado para El Corte Inglés por\nL.N.P.L.R Guadalajara, S.L \nC /Hernán Cortés, s/n (Poligono Henares)\n 19180 Marchamalo (Guadalajara) - España","Cantidad Neta: 1500 g","Número de raciones por envase: 12.0"],"ingredients":[" INGREDIENTES:\nLeche parcialmente desnatada, azúcar (8,3%), proteínas de leche, aromas, colorantes (E 120 sabor fresa) (E 120 y E 101 sabor macedonia) y fermentos lácticos."],"conservation":" Conservar en frio entre 1ºC y 8ºC","ean":"8433329067867"},{"full_name":"DANONE yogur sabores 4 fresa + 4 vainilla + 2 macedonia + 2 plátano pack 12 unidades 125 g","name":"yogur sabores 4 fresa + 4 vainilla + 2 macedonia + 2 plátano pack 12 unidades 125 g","brand":"DANONE ","img":"https://sgfm.elcorteingles.es/SGFM/dctm/MEDIA03/201708/31/00118820202119____11__600x600.jpg","price":"2,79 €","price_unit":"(1,86 € / Kilo)","categories":["Supermercado","Lácteos","Yogures","Yogur sabores","DANONE yogur sabores 4 fresa + 4 vainilla + 2 macedonia + 2 plátano pack 12 unidades 125 g"],"general_information":["Denominación del alimento: 12 Yogures: 4 sabor a fresa, 4 sabor a vainilla, 2 sabor a macedonia y 2 sabor a plátano","Nombre del operador: Danone S.A","Dirección del operador: Buenos Aires, 21 - 08029 BARCELONA","Cantidad Neta: 1500 g","Número de raciones por envase: 12"],"ingredients":[" Leche fresca pasteurizada parcialmente desnatada (89,2%), azúcar, leche en polvo desnatada, fermentos lácticos, aromas y colorantes: carmines (sabor fresa), curcumina y carmines (sabores plátano y macedonia) y E150b y curcumina (sabor vainilla)."],"conservation":" Consérvese en frío entre 2°C y 6°C","ean":"8410500020545"},{"full_name":"DANONE yogur sabores 4 fresa + 4 galleta + 2 macedonia + 2 fresa-plátano pack 12 unds. 125 g","name":"yogur sabores 4 fresa + 4 galleta + 2 macedonia + 2 fresa-plátano pack 12 unds. 125 g","brand":"DANONE ","img":"https://sgfm.elcorteingles.es/SGFM/dctm/MEDIA03/201708/31/00118820201897____14__600x600.jpg","price":"2,79 €","price_unit":"(1,86 € / Kilo)","categories":["Supermercado","Lácteos","Yogures","Yogur sabores","DANONE yogur sabores 4 fresa + 4 galleta + 2 macedonia + 2 fresa-plátano pack 12 unds. 125 g"],"general_information":["Denominación del alimento: 12 Yogures: 4 sabor a fresa, 2 sabor a macedonia, 4 sabor a galleta y 2 sabor a fresa-plátano","Nombre del operador: Danone S.A.","Dirección del operador: Buenos Aires, 21 - 08029 BARCELONA","Cantidad Neta: 1500 g","Número de raciones por envase: 12"],"ingredients":[" Leche fresca pasteurizada, azúcar, leche en polvo desnatada (0,6%), fermentos lácticos, aromas y colorantes: carmín (sabor fresa y fresa-plátano), curcumina y carmín (sabor macedonia) y caramelo (sabor galleta)."],"conservation":" Consérvese en frío entre 2°C y 6°C","ean":"8410500018375"},{"full_name":"DANONE yogur sabores 2 frutas bosque + 2 fresa +2 coco + 2 macedonia pack 8 unidades 125 g","name":"yogur sabores 2 frutas bosque + 2 fresa +2 coco + 2 macedonia pack 8 unidades 125 g","brand":"DANONE ","img":"https://sgfm.elcorteingles.es/SGFM/dctm/MEDIA03/201709/08/00118820201186____9__600x600.jpg","price":"1,95 €","price_unit":"(1,95 € / Kilo)","categories":["Supermercado","Lácteos","Yogures","Yogur sabores","DANONE yogur sabores 2 frutas bosque + 2 fresa +2 coco + 2 macedonia pack 8 unidades 125 g"],"general_information":["Denominación del alimento: 8 Yogures: 2 sabor a fresa, 2 sabor a macedonia,  2 sabor a coco y 2 sabor a frutos del bosque","Nombre del operador: Danone S.A.","Dirección del operador: Buenos Aires, 21 - 08029 BARCELONA","Cantidad Neta: 1000 g","Número de raciones por envase: 8"],"ingredients":[" Leche fresca pasteurizada (89,2%), azúcar, leche en polvo desnatada, fermentos lácticos, aromas y colorantes: carmín (sabor fresa y frutos del bosque), curcumina / carmín (sabor macedonia)."],"conservation":" Consérvese en frío entre 2°C y 6°C","ean":"8410500010768"},{"full_name":"DANONE yogur sabores 2 plátano + 2 macedonia + 2 fresa + 2 tarta de queso pack 8 unidades 125 g","name":"yogur sabores 2 plátano + 2 macedonia + 2 fresa + 2 tarta de queso pack 8 unidades 125 g","brand":"DANONE ","img":"https://sgfm.elcorteingles.es/SGFM/dctm/MEDIA03/201708/25/00118820201616____9__600x600.jpg","price":"1,95 €","price_unit":"(15,60 € / Kilo)","categories":["Supermercado","Lácteos","Yogures","Yogur sabores","DANONE yogur sabores 2 plátano + 2 macedonia + 2 fresa + 2 tarta de queso pack 8 unidades 125 g"],"general_information":["Denominación del alimento: 8 Yogures: 2 sabor a fresa, 2 sabor a macedonia, 2 sabor a plátano y 2 sabor a tarta de queso","Nombre del operador: Danone S.A.","Dirección del operador: Buenos Aires, 21 - 08029 BARCELONA","Cantidad Neta: 1000 g","Número de raciones por envase: 8"],"ingredients":[" Leche fresca pasteurizada (89,2%), azúcar, leche en polvo desnatada, fermentos lácticos, aromas y colorantes: carmín (sabor fresa y tarta de queso), curcumina / carmín (sabor plátano y macedonia)."],"conservation":" Consérvese en frío entre 2°C y 6°C","ean":"8410500014117"},{"full_name":"DANONE yogur sabores 2 fresa+ 2 macedonia+ 2 limón+2 galleta pack 8 unidades 125 g","name":"yogur sabores 2 fresa+ 2 macedonia+ 2 limón+2 galleta pack 8 unidades 125 g","brand":"DANONE ","img":"https://sgfm.elcorteingles.es/SGFM/dctm/MEDIA03/201708/31/00118820200618____14__600x600.jpg","price":"1,95 €","price_unit":"(1,95 € / Kilo)","categories":["Supermercado","Lácteos","Yogures","Yogur sabores","DANONE yogur sabores 2 fresa+ 2 macedonia+ 2 limón+2 galleta pack 8 unidades 125 g"],"general_information":["Denominación del alimento: 8 Yogures: 2 sabor a fresa, 2 sabor a macedonia, 2 sabor a limón y 2 sabor a galleta","Nombre del operador: Danone S.A.","Dirección del operador: Buenos Aires, 21 - 08029 BARCELONA","Cantidad Neta: 1000 g","Número de raciones por envase: 8"],"ingredients":[" Leche fresca pasteurizada, azúcar, leche en polvo desnatada (0,6 %), fermentos lácticos, aromas y colorantes naturales: carmín(sabor fresa),curcumina / carmín (sabor macedonia),curcumina (sabor limón) y caramelo (sabor galleta)"],"conservation":" Consérvese en frío entre 2°C y 6°C","ean":"8410500009946"},{"full_name":"DANONE yogur sabor fresa pack 4 unidades 125 g","name":"yogur sabor fresa pack 4 unidades 125 g","brand":"DANONE ","img":"https://sgfm.elcorteingles.es/SGFM/dctm/MEDIA03/201707/17/00118820200246____9__600x600.jpg","price":"1,09 €","price_unit":"(2,18 € / Kilo)","categories":["Supermercado","Lácteos","Yogures","Yogur sabores","DANONE yogur sabor fresa pack 4 unidades 125 g"],"general_information":["Denominación del alimento: Yogur sabor a fresa","Nombre del operador: Danone S.A.","Dirección del operador: Buenos Aires, 21 - 08029 BARCELONA","Cantidad Neta: 500 g","Número de raciones por envase: 4"],"ingredients":[" Leche fresca pasteurizada (89,2%), azúcar, leche en polvo desnatada, fermentos lácticos, aroma y colorante (carmín)."],"conservation":" Consérvese en frío entre 2°C y 6°C","ean":"8410500006105"},{"full_name":"DANONE yogur sabor limón pack 4 unds. 125 g","name":"yogur sabor limón pack 4 unds. 125 g","brand":"DANONE ","img":"https://sgfm.elcorteingles.es/SGFM/dctm/MEDIA03/201707/17/00118820200253____9__600x600.jpg","price":"1,09 €","price_unit":"(2,18 € / Kilo)","categories":["Supermercado","Lácteos","Yogures","Yogur sabores","DANONE yogur sabor limón pack 4 unds. 125 g"],"general_information":["Denominación del alimento: Yogur sabor a limón","Nombre del operador: Danone S.A.","Dirección del operador: Buenos Aires, 21 - 08029 BARCELONA","Cantidad Neta: 500 g","Número de raciones por envase: 4"],"ingredients":[" Leche fresca pasteurizada (89,2%), azúcar, leche en polvo desnatada, fermentos lácticos, aroma y colorante (curcumina)."],"conservation":" Consérvese en frío entre 2°C y 6°C","ean":"8410500006112"},{"full_name":"DANONE yogur sabor plátano pack 4 unds. 125 g","name":"yogur sabor plátano pack 4 unds. 125 g","brand":"DANONE ","img":"https://sgfm.elcorteingles.es/SGFM/dctm/MEDIA03/201708/31/00118820200261____9__600x600.jpg","price":"1,09 €","price_unit":"(2,18 € / Kilo)","categories":["Supermercado","Lácteos","Yogures","Yogur sabores","DANONE yogur sabor plátano pack 4 unds. 125 g"],"general_information":["Denominación del alimento: Yogur sabor a plátano","Nombre del operador: Danone S.A.","Dirección del operador: Buenos Aires, 21 - 08029 BARCELONA","Cantidad Neta: 500 g","Número de raciones por envase: 4"],"ingredients":[" Leche fresca pasteurizada (89,2%), azúcar, leche en polvo desnatada, fermentos lácticos, aroma y colorantes (curcumina y carmín)."],"conservation":" Consérvese en frío entre 2°C y 6°C","ean":"8410500006129"},{"full_name":"DANONE yogur sabor macedonia pack 4 unds. 125 g","name":"yogur sabor macedonia pack 4 unds. 125 g","brand":"DANONE ","img":"https://sgfm.elcorteingles.es/SGFM/dctm/MEDIA03/201708/31/00118820200279____9__600x600.jpg","price":"1,09 €","price_unit":"(2,18 € / Kilo)","categories":["Supermercado","Lácteos","Yogures","Yogur sabores","DANONE yogur sabor macedonia pack 4 unds. 125 g"],"general_information":["Denominación del alimento: Yogur sabor a macedonia","Nombre del operador: Danone S.A.","Dirección del operador: Buenos Aires, 21 - 08029 BARCELONA","Cantidad Neta: 500 g","Número de raciones por envase: 4"],"ingredients":[" Leche fresca pasteurizada (89,2%), azúcar, leche en polvo desnatada, fermentos lácticos, aroma y colorantes (curcumina y carmín)."],"conservation":" Consérvese en frío entre 2°C y 6°C","ean":"8410500006143"},{"full_name":"DANONE yogur sabor coco pack 4 unds. 125 g","name":"yogur sabor coco pack 4 unds. 125 g","brand":"DANONE ","img":"https://sgfm.elcorteingles.es/SGFM/dctm/MEDIA03/201707/17/00118820200287____9__600x600.jpg","price":"1,09 €","price_unit":"(2,18 € / Kilo)","categories":["Supermercado","Lácteos","Yogures","Yogur sabores","DANONE yogur sabor coco pack 4 unds. 125 g"],"general_information":["Denominación del alimento: Yogur sabor a coco","Nombre del operador: Danone S.A.","Dirección del operador: Buenos Aires, 21 - 08029 BARCELONA","Cantidad Neta: 500 g","Número de raciones por envase: 4"],"ingredients":[" Leche fresca pasteurizada (89,2%), azúcar, leche en polvo desnatada, fermentos lácticos y aroma."],"conservation":" Consérvese en frío entre 2°C y 6°C","ean":"8410500006150"},{"full_name":"NESTLE yogur sabor fresa con smarties pack 2 envases 128 g","name":"yogur sabor fresa con smarties pack 2 envases 128 g","brand":"NESTLE ","img":"https://sgfm.elcorteingles.es/SGFM/dctm/MEDIA03/201604/20/00118821400373____2__600x600.jpg","price":"1,36 €","price_unit":"(5,31 € / Kilo)","categories":["Supermercado","Lácteos","Yogures","Yogur sabores","NESTLE yogur sabor fresa con smarties pack 2 envases 128 g"],"general_information":["Denominación del alimento: Yogur azucarado con fresa y grageas de chocolate con leche","Nombre del operador: Lactalis Nestlé PLRI","Dirección del operador: Avda de la Fama 16-20, Cornella de Llobregat, 08940 Barcelona","Cantidad Neta: 256 g"],"ingredients":[],"conservation":" conservar en frio de 1-8°C","ean":"8435250439584"},{"full_name":"NESTLÉ yogur sabor chocolate pack 4 unidades 125 g","name":"yogur sabor chocolate pack 4 unidades 125 g","brand":"NESTLÉ ","img":"https://sgfm.elcorteingles.es/SGFM/dctm/MEDIA03/201604/20/00118823600327____3__600x600.jpg","price":"1,64 €","price_unit":"(3,28 € / Kilo)","categories":["Supermercado","Lácteos","Yogures","Yogur sabores","NESTLÉ yogur sabor chocolate pack 4 unidades 125 g"],"general_information":["Denominación del alimento: Postre lácteo al chocolate","Nombre del operador: Lactalis Nestlé PLRI","Dirección del operador: Avda de la Fama 16-20, Cornella de Llobregat, 08940 Barcelona","Cantidad Neta: 500 g"],"ingredients":[],"conservation":" conservar en frio de 1-8°C","ean":"8410100058399"},{"full_name":"PASCUAL yogur sabor fresa pack 4 unidades 125 g","name":"yogur sabor fresa pack 4 unidades 125 g","brand":"PASCUAL ","img":"https://sgfm.elcorteingles.es/SGFM/01/74/9/0118820201749/0118820201749000g01011.jpg","price":"1,30 €","price_unit":"(2,60 € / Kilo)","categories":["Supermercado","Lácteos","Yogures","Yogur sabores","PASCUAL yogur sabor fresa pack 4 unidades 125 g"],"general_information":["Denominación del alimento: Yogur pasteurizado después de la fermentación sabor a fresa","Nombre del operador: Calidad Pascual, SAU.","Dirección del operador: Ctra. De Palencia, s/n - 09400 Aranda de Duero (Burgos)","Cantidad Neta: 500 g","Número de raciones por envase: 4"],"ingredients":[" Leche desnatada concentrada reconstituida pasteurizada, azúcar, nata pasteurizada (5%), almidón modificado (E-1422), gelatina, colorante: carmines (E-120), aroma y fermentos lácticos"],"conservation":" Una vez abierto conservar en el frigorífico y consumir en un plazo de 24 horas.","ean":"8410128111144"},{"full_name":"LA FAGEDA yogur sabor fresa pack 4 unidades 125 g","name":"yogur sabor fresa pack 4 unidades 125 g","brand":"LA FAGEDA ","img":"https://sgfm.elcorteingles.es/SGFM/dctm/MEDIA03/201610/25/00118820200105____2__600x600.jpg","price":"1,59 €","price_unit":"(3,18 € / Kilo)","categories":["Supermercado","Lácteos","Yogures","Yogur sabores","LA FAGEDA yogur sabor fresa pack 4 unidades 125 g"],"general_information":["Denominación del alimento: yogur sabor a fresa","Nombre del operador: La Fageda Fundació","Dirección del operador: Mas Els Casals s/n Santa Pau - Girona - Parc Natural de la Garrotxa","Cantidad Neta: 500 g"],"ingredients":[" Leche fresca, azúcar, leche desnatada en polvo, aroma y fermentos lácticos."],"conservation":" Conservar entre 1 y 8°C.","ean":"8424395141193"},{"full_name":"LA FAGEDA yogur sabor limón pack 4 unidades 125 g","name":"yogur sabor limón pack 4 unidades 125 g","brand":"LA FAGEDA ","img":"https://sgfm.elcorteingles.es/SGFM/dctm/MEDIA03/201610/25/00118820200113____1__600x600.jpg","price":"1,59 €","price_unit":"(3,18 € / Kilo)","categories":["Supermercado","Lácteos","Yogures","Yogur sabores","LA FAGEDA yogur sabor limón pack 4 unidades 125 g"],"general_information":["Denominación del alimento: yogur sabor a limón","Nombre del operador: La Fageda Fundació","Dirección del operador: Mas Els Casals s/n Santa Pau - Girona - Parc Natural de la Garrotxa","Cantidad Neta: 500 g"],"ingredients":[" Leche fresca, azúcar, leche desnatada en polvo, aroma natural y fermentos lácticos"],"conservation":" Conservar entre 1 y 8°C.","ean":"8424395141209"},{"full_name":"LA FAGEDA yogur sabor plátano pack 4 unidades 125 g","name":"yogur sabor plátano pack 4 unidades 125 g","brand":"LA FAGEDA ","img":"https://sgfm.elcorteingles.es/SGFM/dctm/MEDIA03/201610/25/00118820200121____1__600x600.jpg","price":"1,59 €","price_unit":"(3,18 € / Kilo)","categories":["Supermercado","Lácteos","Yogures","Yogur sabores","LA FAGEDA yogur sabor plátano pack 4 unidades 125 g"],"general_information":["Denominación del alimento: yogur sabor a plátano","Nombre del operador: La Fageda Fundació","Dirección del operador: Mas Els Casals s/n Santa Pau - Girona - Parc Natural de la Garrotxa","Cantidad Neta: 500 g"],"ingredients":[" Leche fresca, azúcar, lechedesnatada en polvo, aroma natural y fermentos lácticos"],"conservation":" Conservar entre 1 y 8°C.","ean":"8424395141230"},{"full_name":"LARSA yogur sabor fresa pack 8 unidades 125 g","name":"yogur sabor fresa pack 8 unidades 125 g","brand":"LARSA ","img":"https://sgfm.elcorteingles.es/SGFM/01/50/9/0118820201509/0118820201509000g01011.jpg","price":"2,27 €","price_unit":"(2,27 € / Kilo)","categories":["Supermercado","Lácteos","Yogures","Yogur sabores","LARSA yogur sabor fresa pack 8 unidades 125 g"],"general_information":["Denominación del alimento: Yogur sabor fresa","Nombre del operador: Corporación Alimentaria Peñasanta S.A","Dirección del operador: Avda. Los Martices s/n-36600 Villagarcía de Arosa-Pontevedra","Cantidad Neta: 1000 g"],"ingredients":[" Leche parcialmente desnatada (2,7%MG), proteínas lácteas, azúcar, aroma de fresa, colorante (E-120) y fermentos lácticos"],"conservation":" Conservar en frío entre 1 y 8°C","ean":"8411024410300"},{"full_name":"LARSA yogur sabor vainilla pack 8 unidades 125 g","name":"yogur sabor vainilla pack 8 unidades 125 g","brand":"LARSA ","img":"https://sgfm.elcorteingles.es/SGFM/01/48/3/0118820201483/0118820201483000g01011.jpg","price":"2,27 €","price_unit":"(2,27 € / Kilo)","categories":["Supermercado","Lácteos","Yogures","Yogur sabores","LARSA yogur sabor vainilla pack 8 unidades 125 g"],"general_information":["Denominación del alimento: Yogur sabor vainilla","Nombre del operador: Corporación Alimentaria Peñasanta S.A","Dirección del operador: Avda. Los Martices s/n-36600 Villagarcía de Arosa-Pontevedra","Cantidad Neta: 1000 g","Número de raciones por envase: 8"],"ingredients":[" Leche entera, proteínas lácteas, azúcar, nata, aroma de vainilla, colorantes (E-100,E-120, E-150, E-160a) y fermentos lácticos"],"conservation":" Conservar en frío entre 1 y 8°C","ean":"8411024410348"},{"full_name":"LARSA yogur sabor fresa tarrina 125 g","name":"yogur sabor fresa tarrina 125 g","brand":"LARSA ","img":"https://sgfm.elcorteingles.es/SGFM//00/41/0/0118820200410/0118820200410000g01011.jpg","price":"0,29 €","price_unit":"(2,32 € / Kilo)","categories":["Supermercado","Lácteos","Yogures","Yogur sabores","LARSA yogur sabor fresa tarrina 125 g"],"general_information":["Denominación del alimento: Yogur sabor fresa","Nombre del operador: Corporación Alimentaria Peñasanta S.A","Dirección del operador: Avda. Los Martices s/n-36600 Villagarcía de Arosa-Pontevedra","Cantidad Neta: 125 g"],"ingredients":[" Leche parcialmente desnatada (2,7%MG), proteínas lácteas, azúcar, aroma de fresa, colorante (E-120) y fermentos lácticos"],"conservation":" Conservar en frío entre 1 y 8°C","ean":"8411024410102"},{"full_name":"LARSA yogur sabor piña tarrina 125 g","name":"yogur sabor piña tarrina 125 g","brand":"LARSA ","img":"https://sgfm.elcorteingles.es/SGFM//00/61/6/0118820300616/0118820300616000g01011.jpg","price":"0,49 €","price_unit":"(3,92 € / Kilo)","categories":["Supermercado","Lácteos","Yogures","Yogur sabores","LARSA yogur sabor piña tarrina 125 g"],"general_information":["Denominación del alimento: Yogur azucarado con piña","Nombre del operador: Corporación Alimentaria Peñasanta S.A","Dirección del operador: Avda. Los Martices s/n-36600 Villagarcía de Arosa-Pontevedra","Cantidad Neta: 125 g"],"ingredients":[" Leche entera, piña (8%), azúcar, proteínas lácteas, nata, fermentos lácticos, aroma de piña, colorante (E-161a) y conservante de la fruta (E-202)"],"conservation":" Conservar en frío entre 1 y 8°C","ean":"8411024410232"},{"full_name":"LARSA yogur sabor vainilla tarrina 125 g","name":"yogur sabor vainilla tarrina 125 g","brand":"LARSA ","img":"https://sgfm.elcorteingles.es/SGFM//00/42/8/0118820200428/0118820200428000g01011.jpg","price":"0,29 €","price_unit":"(2,32 € / Kilo)","categories":["Supermercado","Lácteos","Yogures","Yogur sabores","LARSA yogur sabor vainilla tarrina 125 g"],"general_information":["Denominación del alimento: Yogur sabor vainilla","Nombre del operador: Corporación Alimentaria Peñasanta S.A","Dirección del operador: Avda. Los Martices s/n-36600 Villagarcía de Arosa-Pontevedra","Cantidad Neta: 125 g"],"ingredients":[" Leche entera, proteínas lácteas, azúcar, nata, aroma de vainilla, colorantes (E-100,E-120, E-150, E-160a) y fermentos lácticos"],"conservation":" Conservar en frío entre 1 y 8°C","ean":"8411024410133"},{"full_name":"LARSA yogur sabor licor de café envase 125 g","name":"yogur sabor licor de café envase 125 g","brand":"LARSA ","img":"https://sgfm.elcorteingles.es/SGFM/dctm/MEDIA03/201610/18/00118820202077____1__600x600.jpg","price":"0,53 €","price_unit":"(4,24 € / Kilo)","categories":["Supermercado","Lácteos","Yogures","Yogur sabores","LARSA yogur sabor licor de café envase 125 g"],"general_information":["Denominación del alimento: Yogur con Café","Nombre del operador: Corporación Alimentaria Peñasanta,","Dirección del operador: LG Sierra de Granda, s/n, 33199, Siero - Asturias.","Cantidad Neta: 0.125 Litros"],"ingredients":[" Leche, preparado de café 15%, azúcar, proteínas de leche, fermentos lácticos (leche), (azúcar,espesante: almidon modificado,café: 2%, aroma, corrector de acidez : acido láctico, establizantes: carragenato,goma guar)"],"conservation":" Conservar en frio entre 1 y 8ºC","ean":"8411024500155"},{"full_name":"LARSA yogur sabor manzana al horno envase 125 g","name":"yogur sabor manzana al horno envase 125 g","brand":"LARSA ","img":"https://sgfm.elcorteingles.es/SGFM/dctm/MEDIA03/201611/21/00118820202101____1__600x600.jpg","price":"0,53 €","price_unit":"(4,24 € / Kilo)","categories":["Supermercado","Lácteos","Yogures","Yogur sabores","LARSA yogur sabor manzana al horno envase 125 g"],"general_information":["Denominación del alimento: Yogur con Tarta de Manzana","Nombre del operador: Corporación Alimentaria Peñasanta,","Dirección del operador: LG Sierra de Granda, s/n, 33199, Siero - Asturias.","Cantidad Neta: 0.125 Litros"],"ingredients":[" Leche, preparado de fruta 15%, azúcar, proteínas de leche, fermentos lácticos (leche), (Manzana: 50%,azúcar,caramelo,zumo de limón,espesante: almidon modificado,aroma,establizante: pectina,antioxidante: acido ascorbico)"],"conservation":" Conservar en frio entre 1 y 8ºC","ean":"8411024500148"},{"full_name":"LARSA yogur sabor tarta de limón envase 125 g","name":"yogur sabor tarta de limón envase 125 g","brand":"LARSA ","img":"https://sgfm.elcorteingles.es/SGFM/dctm/MEDIA03/201611/21/00118820202093____1__600x600.jpg","price":"0,53 €","price_unit":"(4,24 € / Kilo)","categories":["Supermercado","Lácteos","Yogures","Yogur sabores","LARSA yogur sabor tarta de limón envase 125 g"],"general_information":["Denominación del alimento: Yogur con Tarta de Limón","Nombre del operador: Corporación Alimentaria Peñasanta,","Dirección del operador: LG Sierra de Granda, s/n, 33199, Siero - Asturias.","Cantidad Neta: 0.125 Litros"],"ingredients":[" Leche, preparado de fruta 15% (Limón: 12,5%,azúcar,aroma,espesante: almidón modificado,establizante: pectina,antioxidante: acido ascorbico), azúcar, proteínas de leche, fermentos lácticos (leche)"],"conservation":" Conservar en frio entre 1 y 8ºC","ean":"8411024500131"},{"full_name":"KAIKU yogur de mango con aloe vera tarrina 150 g","name":"yogur de mango con aloe vera tarrina 150 g","brand":"KAIKU ","img":"https://sgfm.elcorteingles.es/SGFM/00/78/5/0118823400785/0118823400785000g01011.jpg","price":"0,90 €","price_unit":"(6 € / Kilo)","categories":["Supermercado","Lácteos","Yogures","Yogur sabores","KAIKU yogur de mango con aloe vera tarrina 150 g"],"general_information":["Denominación del alimento: Yogur semidesnatado con aloe vera y mango","País de origen: España","Nombre del operador: Kaiku Corporación Alimentaria S.L.","Dirección del operador: Paseo de Mikeletegi 55; 20009 San Sebatian (Guipuzcoa)","Cantidad Neta: 150 g","Número de raciones por envase: 1"],"ingredients":[" Leche parcialmente desnatada, aloe vera (10%), azúcar, puré de mango (3,1%), almidón modificado, leche desnatada en polvo, aroma natural, concentrado de zumo de limón y fermentos lácticos."],"conservation":" Conservar en frío entre 1°C y 8°C","ean":"8410981093489"},{"full_name":"LA LECHERA postre lácteo delicias de trufa pack 2 unidades 125 g","name":"postre lácteo delicias de trufa pack 2 unidades 125 g","brand":"LA LECHERA ","img":"https://sgfm.elcorteingles.es/SGFM/dctm/MEDIA03/201609/08/00118823801628____1__600x600.jpg","price":"1,24 €","categories":["Supermercado","Lácteos","Yogures","Yogur sabores","LA LECHERA postre lácteo delicias de trufa pack 2 unidades 125 g"],"general_information":["Denominación del alimento: Postre lácteo al chocolate","Nombre del operador: Lactalis Nestlé PLRI","Dirección del operador: Avda de la Fama 16-20, Cornella de Llobregat, 08940 Barcelona","Cantidad Neta: 250 g"],"ingredients":[],"conservation":" conservar en frio de 1-8°C","ean":"8435257023205"},{"full_name":"LA LECHERA postre lácteo sabor galleta maría pack 2 unidades 125 g","name":"postre lácteo sabor galleta maría pack 2 unidades 125 g","brand":"LA LECHERA ","img":"https://sgfm.elcorteingles.es/SGFM/dctm/MEDIA03/201609/08/00118823801636____1__600x600.jpg","price":"1,24 €","categories":["Supermercado","Lácteos","Yogures","Yogur sabores","LA LECHERA postre lácteo sabor galleta maría pack 2 unidades 125 g"],"general_information":["Denominación del alimento: Postre lácteo con galleta","Nombre del operador: Lactalis Nestlé PLRI","Dirección del operador: Avda de la Fama 16-20, Cornella de Llobregat, 08940 Barcelona","Cantidad Neta: 250 g"],"ingredients":[],"conservation":" conservar en frio de 1-8°C","ean":"8435257023144"},{"full_name":"LA LECHERA postre lácteo toffe pack 2 unidades 125 g","name":"postre lácteo toffe pack 2 unidades 125 g","brand":"LA LECHERA ","img":"https://sgfm.elcorteingles.es/SGFM/dctm/MEDIA03/201609/08/00118823801644____1__600x600.jpg","price":"1,24 €","categories":["Supermercado","Lácteos","Yogures","Yogur sabores","LA LECHERA postre lácteo toffe pack 2 unidades 125 g"],"general_information":["Denominación del alimento: Postre lácteo al caramelo","Nombre del operador: Lactalis Nestlé PLRI","Dirección del operador: Avda de la Fama 16-20, Cornella de Llobregat, 08940 Barcelona","Cantidad Neta: 250 g"],"ingredients":[],"conservation":" conservar en frio de 1-8°C","ean":"8435257023175"},{"full_name":"LA LECHERA yogur sabor fresa paack 4 unidades 125 g","name":"yogur sabor fresa paack 4 unidades 125 g","brand":"LA LECHERA ","img":"https://sgfm.elcorteingles.es/SGFM/dctm/MEDIA03/201609/08/00118822900439____2__600x600.jpg","price":"1,82 €","price_unit":"(3,64 € / Kilo)","categories":["Supermercado","Lácteos","Yogures","Yogur sabores","LA LECHERA yogur sabor fresa paack 4 unidades 125 g"],"general_information":["Denominación del alimento: Yogur sabor a fresa","Nombre del operador: Lactalis Nestlé PLRI","Dirección del operador: Avda de la Fama 16-20, Cornella de Llobregat, 08940 Barcelona","Cantidad Neta: 500 g"],"ingredients":[],"conservation":" conservar en frio de 1-8°C","ean":"8435257035703"},{"full_name":"LA LECHERA yogur sabor limón pack 4 unidades 125 g","name":"yogur sabor limón pack 4 unidades 125 g","brand":"LA LECHERA ","img":"https://sgfm.elcorteingles.es/SGFM/dctm/MEDIA03/201609/08/00118822900447____2__600x600.jpg","price":"1,82 €","price_unit":"(3,64 € / Kilo)","categories":["Supermercado","Lácteos","Yogures","Yogur sabores","LA LECHERA yogur sabor limón pack 4 unidades 125 g"],"general_information":["Denominación del alimento: Yogur sabor a limón","Nombre del operador: Lactalis Nestlé PLRI","Dirección del operador: Avda de la Fama 16-20, Cornella de Llobregat, 08940 Barcelona","Cantidad Neta: 500 g"],"ingredients":[],"conservation":" conservar en frio de 1-8°C","ean":"8435257035734"},{"full_name":"LA LECHERA delicias de vainilla y nueces de macadamia pack 2 unidades 125 g","name":"delicias de vainilla y nueces de macadamia pack 2 unidades 125 g","brand":"LA LECHERA ","img":"https://sgfm.elcorteingles.es/SGFM/dctm/MEDIA03/201609/08/00118823801891____2__600x600.jpg","price":"1,24 €","categories":["Supermercado","Lácteos","Yogures","Yogur sabores","LA LECHERA delicias de vainilla y nueces de macadamia pack 2 unidades 125 g"],"general_information":["Denominación del alimento: Postre lácteo con nueces de macadamia y sabor a vainilla","Nombre del operador: Lactalis Nestlé PLRI","Dirección del operador: Avda de la Fama 16-20, Cornella de Llobregat, 08940 Barcelona","Cantidad Neta: 250 g"],"ingredients":[],"conservation":" conservar en frio de 1-8°C","ean":"8435257032085"},{"full_name":"CLESA yogur sabor galleta pack 4 unidades 120 g","name":"yogur sabor galleta pack 4 unidades 120 g","brand":"CLESA ","img":"https://sgfm.elcorteingles.es/SGFM/dctm/MEDIA03/201705/24/00118820202184____1__600x600.jpg","price":"0,99 €","price_unit":"(8,25 € / Kilo)","categories":["Supermercado","Lácteos","Yogures","Yogur sabores","CLESA yogur sabor galleta pack 4 unidades 120 g"],"general_information":["Denominación del alimento: Yogur sabor galleta con Vitamina D","Nombre del operador: AGRUPACIÓN DE COOPERATIVAS LÁCTEAS, S.L","Dirección del operador: Lugar de Soutelo-Saiar 36656 Caldas de Reis (Pontevedra) España","Lugar de procedencia del alimento: GALICIA","Cantidad Neta: 480 g"],"ingredients":[" Leche parcialmente desnatada, azúcar (5.9%), Leche en polvo desnatada, vitamina D, aroma, colorante (caramelo natural) y fermentos lácticos"],"conservation":" A temperatura entre 1°C y 8 °C","ean":"8411400004345"},{"full_name":"CLESA yogur sabores 4 fresa + 4 plátano pack 8 unidades 120 g","name":"yogur sabores 4 fresa + 4 plátano pack 8 unidades 120 g","brand":"CLESA ","img":"https://sgfm.elcorteingles.es/SGFM/dctm/MEDIA03/201705/24/00118820202176____1__600x600.jpg","price":"2,08 €","price_unit":"(2,17 € / Kilo)","categories":["Supermercado","Lácteos","Yogures","Yogur sabores","CLESA yogur sabores 4 fresa + 4 plátano pack 8 unidades 120 g"],"general_information":["Denominación del alimento: Yogur sabor fresa-plátano con Vitamina D","Nombre del operador: AGRUPACIÓN DE COOPERATIVAS LÁCTEAS, S.L","Dirección del operador: Lugar de Soutelo-Saiar 36656 Caldas de Reis (Pontevedra) España","Lugar de procedencia del alimento: GALICIA","Cantidad Neta: 960 g"],"ingredients":[" Leche parcialmente desnatada, azúcar (5.9%), Leche en polvo desnatada, vitamina D, aroma, colorante (fresa: rojo remolacha, plátano: antiozanina y curcumina) y fermentos lácticos"],"conservation":" A temperatura entre 1°C y 8 °C","ean":"8411400004352"},{"full_name":"YARANZA yogur cremosos con avellanas envase 140 g","name":"yogur cremosos con avellanas envase 140 g","brand":"YARANZA ","img":"https://sgfm.elcorteingles.es/SGFM/dctm/MEDIA02/CONTENIDOS/201503/03/00118820302422____1__600x600.jpg","price":"0,95 €","price_unit":"(6,79 € / Kilo)","categories":["Supermercado","Lácteos","Yogures","Yogur sabores","YARANZA yogur cremosos con avellanas envase 140 g"],"general_information":["Denominación del alimento: Yogur cremoso con avellanas","Nombre del operador: L.","Dirección del operador: Ctra. Corbillos, 20, 24227 Valdelafuente, León.","Cantidad Neta: 140 g","Otras menciones obligatorias en la etiqueta: Contiene Leche. Contiene Avellanas. Sin gluten."],"ingredients":[" Leche de vaca pasteurizada, azúcar, puré de avellanas 5% (azúcar, avellanas, almidón modificado de maíz y aroma), leche en polvo desnatada y fermentos lácticos del yogur. Contiene leche y avellanas."],"conservation":" Conservar en frio entre 1°C y 8°C","ean":"8435143370017"},{"full_name":"YARANZA yogur cremoso con arándanos envase 140 g","name":"yogur cremoso con arándanos envase 140 g","brand":"YARANZA ","img":"https://sgfm.elcorteingles.es/SGFM/dctm/MEDIA02/CONTENIDOS/201503/03/00118820302414____1__600x600.jpg","price":"0,95 €","price_unit":"(6,79 € / Kilo)","categories":["Supermercado","Lácteos","Yogures","Yogur sabores","YARANZA yogur cremoso con arándanos envase 140 g"],"general_information":["Denominación del alimento: Yogur Arándanos","Nombre del operador: Lácteos Yaranza, S.L.","Dirección del operador: Carretera Corbillos, 20 - 24227 Valdelafuente (León)","Cantidad Neta: 140,0 g"],"ingredients":[" Leche de vaca, azúcar, puré de arándanos (Sacarosa, arándanos, agua, almidón modificado de maíz, concentrado de arándanos, aromas naturales), leche en polvo desnatada y fermentos lácteos (Streptococcus thermophilus y Lactobacillus delbrueckii Subsp. bulgaricus). Puede contener trazas de frutos de cáscara, restos de la linea de producción."],"conservation":" Refrigeración entre 1°C y 8°C . Una vez abierto, consumir antes de una semana, siempre que no se supere la fecha de caducidad.","ean":"8435143370000"},{"full_name":"YARANZA yogur cremoso con limón envase 140 g","name":"yogur cremoso con limón envase 140 g","brand":"YARANZA ","img":"https://sgfm.elcorteingles.es/SGFM/dctm/MEDIA02/CONTENIDOS/201503/03/00118820302406____1__600x600.jpg","price":"0,95 €","price_unit":"(6,79 € / Kilo)","categories":["Supermercado","Lácteos","Yogures","Yogur sabores","YARANZA yogur cremoso con limón envase 140 g"],"general_information":["Denominación del alimento: Yogur Limón","Nombre del operador: Lácteos Yaranza, S.L.","Dirección del operador: Carretera Corbillos, 20 - 24227 Valdelafuente (León)","Cantidad Neta: 140,0 g"],"ingredients":[" Leche de vaca, azúcar, puré de limón (Sacarosa, Zumo de limón, agua, Limón troceado, almidón modificado de maíz, aromas naturales), leche en polvo desnatada y fermentos lácteos (Streptococcus thermophilus y Lactobacillus delbrueckii Subsp. bulgaricus). Puede contener trazas de frutos de cáscara, restos de la linea de producción."],"conservation":" Refrigeración entre 1°C y 8°C . Una vez abierto, consumir antes de una semana, siempre que no se supere la fecha de caducidad.","ean":"8435143370031"},{"full_name":"ASTURIANA yogures sabores 4 de fresa + 2 de limón + 2 de plátano pack 8 unds. 125 g","name":"yogures sabores 4 de fresa + 2 de limón + 2 de plátano pack 8 unds. 125 g","brand":"ASTURIANA ","img":"https://sgfm.elcorteingles.es/SGFM/dctm/MEDIA03/201605/27/00118820200030____2__600x600.jpg","price":"1,99 €","price_unit":"(1,99 € / Kilo)","categories":["Supermercado","Lácteos","Yogures","Yogur sabores","ASTURIANA yogures sabores 4 de fresa + 2 de limón + 2 de plátano pack 8 unds. 125 g"],"general_information":["Denominación del alimento: Yogur sabor fresa/plátano/limón","Nombre del operador: Corporación Alimentaria Peñasanta S.A","Dirección del operador: Sierra de Granda, s/n 33199 Siero, Asturias","Cantidad Neta: 1000 g","Número de raciones por envase: 8"],"ingredients":[" Leche parcialmente desnatada, azúcar, proteínas lácteas, extractos vegetales, aroma natural y fermentos lácticos naturales"],"conservation":" Conservar en frío entre 1 y 8°C","ean":"8410297170812"},{"full_name":"ASTURIANA yogur sabor a fresa envase 125 g","name":"yogur sabor a fresa envase 125 g","brand":"ASTURIANA ","img":"https://sgfm.elcorteingles.es/SGFM/dctm/MEDIA03/201708/24/00118820202069____1__600x600.jpg","price":"0,29 €","price_unit":"(2,32 € / Kilo)","categories":["Supermercado","Lácteos","Yogures","Yogur sabores","ASTURIANA yogur sabor a fresa envase 125 g"],"general_information":["Denominación del alimento: Yogur Sabor Fresa","Nombre del operador: Corporación Alimentaria Peñasanta,","Dirección del operador: LG Sierra de Granda, s/n, 33199, Siero - Asturias.","Cantidad Neta: 0.125 Litros"],"ingredients":[" Leche parcialmente desnatada, azúcar de caña, proteínas de la leche, aroma natural, colorante natural (concentrado de remolacha), fermentos lácticos naturales (leche)"],"conservation":" Conservar en frio entre 1 y 8ºC","ean":"8410297231032"},{"full_name":"ASTURIANA yogur sabor vainilla envase 125 g","name":"yogur sabor vainilla envase 125 g","brand":"ASTURIANA ","img":"https://sgfm.elcorteingles.es/SGFM/dctm/MEDIA03/201708/24/00118820202051____1__600x600.jpg","price":"0,29 €","price_unit":"(2,32 € / Kilo)","categories":["Supermercado","Lácteos","Yogures","Yogur sabores","ASTURIANA yogur sabor vainilla envase 125 g"],"general_information":["Denominación del alimento: Yogur Sabor Vainilla","Nombre del operador: Corporación Alimentaria Peñasanta,","Dirección del operador: LG Sierra de Granda, s/n, 33199, Siero - Asturias.","Cantidad Neta: 0.125 Litros"],"ingredients":[" Leche entera, azúcar de caña, proteínas de la leche, aroma natural, colorante natural (betacaroteno), fermentos lácticos naturales (leche)"],"conservation":" Conservar en frio entre 1 y 8ºC","ean":"8410297230110"},{"full_name":"DANONE VITALINEA yogur desnatado sabor fresa pack 4 unidades 125 g","name":"yogur desnatado sabor fresa pack 4 unidades 125 g","brand":"DANONE VITALINEA ","img":"https://sgfm.elcorteingles.es/SGFM/dctm/MEDIA03/201711/03/00118820400226____8__600x600.jpg","price":"1,00 €","price_unit":"(2 € / Kilo)","categories":["Supermercado","Lácteos","Yogures","Yogur sabores desnatado","DANONE VITALINEA yogur desnatado sabor fresa pack 4 unidades 125 g"],"general_information":["Denominación del alimento: Leche fermentada desnatada aromatizada con sabor a fresa. Con edulcorantes.","Nombre del operador: ILTESA","Dirección del operador: Av. Bravo Murillo, 3  Bloque B - 1ª planta, 38003 Santa Cruz de Tenerife","Cantidad Neta: 500 g","Número de raciones por envase: 4"],"ingredients":[" Leche en polvo desnatada rehidratada, gelatina, fermentos lácticos, aroma, colorante (carmines) y edulcorantes (acesulfamo K y sucralosa)."],"conservation":" Consérvese en frío entre 2°C y 6°C","ean":"8410500006280"},{"full_name":"DANONE VITALINEA yogur desnatado sabor limón pack 4 unds. 125 g","name":"yogur desnatado sabor limón pack 4 unds. 125 g","brand":"DANONE VITALINEA ","img":"https://sgfm.elcorteingles.es/SGFM/dctm/MEDIA03/201711/03/00118820400218____13__600x600.jpg","price":"1,00 €","price_unit":"(2 € / Kilo)","categories":["Supermercado","Lácteos","Yogures","Yogur sabores desnatado","DANONE VITALINEA yogur desnatado sabor limón pack 4 unds. 125 g"],"general_information":["Denominación del alimento: Leche fermentada desnatada aromatizada con sabor a limón. Con edulcorantes.","Nombre del operador: ILTESA","Dirección del operador: Av. Bravo Murillo, 3  Bloque B - 1ª planta, 38003 Santa Cruz de Tenerife","Cantidad Neta: 500 g","Número de raciones por envase: 4"],"ingredients":[" Leche en polvo desnatada rehidratada, gelatina, fermentos lácticos, aroma, colorante (curcumina) y edulcorantes (acesulfamo K y sucralosa)."],"conservation":" Consérvese en frío entre 2°C y 6°C","ean":"8410500006273"},{"full_name":"DANONE VITALINEA yogur desnatado sabor coco pack 4 unidades 125 g","name":"yogur desnatado sabor coco pack 4 unidades 125 g","brand":"DANONE VITALINEA ","img":"https://sgfm.elcorteingles.es/SGFM/dctm/MEDIA03/201711/03/00118820402586____9__600x600.jpg","price":"1,00 €","price_unit":"(2 € / Kilo)","categories":["Supermercado","Lácteos","Yogures","Yogur sabores desnatado","DANONE VITALINEA yogur desnatado sabor coco pack 4 unidades 125 g"],"general_information":["Denominación del alimento: Leche fermentada desnatada aromatizada con sabor a coco. Con edulcorantes.","Nombre del operador: ILTESA","Dirección del operador: Av. Bravo Murillo, 3  Bloque B - 1ª planta, 38003 Santa Cruz de Tenerife","Cantidad Neta: 500 g","Número de raciones por envase: 4"],"ingredients":[" Leche en polvo desnatada rehidratada, gelatina, fermentos lácticos, aroma y edulcorantes (acesulfamo K y sucralosa)."],"conservation":" Consérvese en frío entre 2°C y 6°C","ean":"8410500016579"},{"full_name":"DANONE VITALINEA yogur desnatado sabor frutas del bosque pack 4 unidades 125 g","name":"yogur desnatado sabor frutas del bosque pack 4 unidades 125 g","brand":"DANONE VITALINEA ","img":"https://sgfm.elcorteingles.es/SGFM/dctm/MEDIA03/201604/28/00118820402578____3__600x600.jpg","price":"1,00 €","price_unit":"(8 € / Kilo)","categories":["Supermercado","Lácteos","Yogures","Yogur sabores desnatado","DANONE VITALINEA yogur desnatado sabor frutas del bosque pack 4 unidades 125 g"],"general_information":["Denominación del alimento: Yogur desnatado sabor frutos del bosque con edulcorantes.","Nombre del operador: Danone S.A.","Dirección del operador: Buenos Aires, 21 - 08029 BARCELONA","Cantidad Neta: 500 g","Número de raciones por envase: 4"],"ingredients":[" Leche pasteurizada desnatada, leche en polvo desnatada, fermentos lácticos, aroma, gelatina, colorante (carmines) y edulcorantes (acesulfame K y sucralosa)."],"conservation":" Consérvese en frío entre 2°C y 6°C","ean":"8410500016050"},{"full_name":"LA FAGEDA yogur desnatado de limón pack 4 unidades 125 g","name":"yogur desnatado de limón pack 4 unidades 125 g","brand":"LA FAGEDA ","img":"https://sgfm.elcorteingles.es/SGFM/dctm/MEDIA03/201708/28/00118820400127____7__600x600.jpg","price":"1,80 €","price_unit":"(3,60 € / Kilo)","categories":["Supermercado","Lácteos","Yogures","Yogur sabores desnatado","LA FAGEDA yogur desnatado de limón pack 4 unidades 125 g"],"general_information":["Denominación del alimento: Yogur edulcorado desnatado sabor a limón","Nombre del operador: La Fageda Fundació","Dirección del operador: Mas Els Casals s/n Santa Pau - Girona - Parc Natural de la Garrotxa","Cantidad Neta: 500 g"],"ingredients":[" Leche fresca desnatada, leche desnatada en polvo, proteínas de leche, aroma natural, fermentos lácticos y edulcorantes (sucralosa y glucósidos de esteviol)."],"conservation":" Conservar entre 1 y 8°C.","ean":"8424395141254"},{"full_name":"DHUL yogur semidesnatado 1,9% m.g. sabor 2 fresa y 2 plátano sin lactosa 4 unidades envase 120 g","name":"yogur semidesnatado 1,9% m.g. sabor 2 fresa y 2 plátano sin lactosa 4 unidades envase 120 g","brand":"DHUL ","img":"https://sgfm.elcorteingles.es/SGFM/dctm/MEDIA03/201711/24/00118823401403____1__600x600.jpg","price":"1,37 €","price_unit":"(2,68 € / Kilo)","categories":["Supermercado","Lácteos","Yogures","Yogur sabores desnatado","DHUL yogur semidesnatado 1,9% m.g. sabor 2 fresa y 2 plátano sin lactosa 4 unidades envase 120 g"],"general_information":["Denominación del alimento: Leche fermentada azucarada sabor a 2 fresa y 2 plátano, sin lactosa.","País de origen: España","Nombre del operador: Andros Granada, SLU","Dirección del operador: Avda. de  Andalucia s/n. 18015 Granada ( España )","Cantidad Neta: 480 g","Número de raciones por envase: 4"],"ingredients":[" Sabor a fresa: Leche, azúcar (7.9%), aromas, leche desnatada en polvo, enzima lactasa, fermentos lácticos (Leche), colorantes: E120. Sabor a plátano: Leche, azúcar (7.9%), aromas, leche desnatada en polvo, enzima lactasa, fermentos lácticos (Leche), colorantes: E120, E100."],"conservation":" Consérvese en  frío (entre 1 °C y 8 °C).","ean":"8412800005703"},{"full_name":"EL CORTE INGLES yogur con trozos de frutas 4 fresa + 2 melocotón + 2 frambuesa pack 8 unidades 125 g","name":"yogur con trozos de frutas 4 fresa + 2 melocotón + 2 frambuesa pack 8 unidades 125 g","brand":"EL CORTE INGLES ","img":"https://sgfm.elcorteingles.es/SGFM/dctm/MEDIA03/201702/14/00118820302521____6__600x600.jpg","price":"1,69 €","price_unit":"(1,69 € / Kilo)","categories":["Supermercado","Lácteos","Yogures","Yogur frutas","EL CORTE INGLES yogur con trozos de frutas 4 fresa + 2 melocotón + 2 frambuesa pack 8 unidades 125 g"],"general_information":["Denominación del alimento: YOGUR AZUCARADO CON FRUTAS: fresa, melocotón y frambuesa","Nombre del operador: Distribuido para El Corte Inglés por\nL.N.P.L.R.I. S.A\nAv. de la Fama, 16-20 \n08940 Cornellà de Llobregat (Barcelona) - España","Cantidad Neta: 1000 g","Número de raciones por envase: 8"],"ingredients":[" Ingredientes:\nLeche, frutas (fresa 9,9%, melocotón 9,9%, frambuesa 9,9%), azúcar (9,4%), jarabe de glucosa y fructosa, proteínas de leche y lactosa, almidón modificado (E 1442), estabilizantes (E 407, E-415), aromas, correctores de acidez (E 330, E 331iii), colorantes (E 163, E 160c), conservador de la fruta (E 202), fermentos lácticos."],"conservation":" Conservar en frio entre 1ºC y 8ºC","ean":"8433329067874"},{"full_name":"DANONE ORIGINAL yogur con fresa pack 2 unidades 135 g","name":"yogur con fresa pack 2 unidades 135 g","brand":"DANONE ORIGINAL ","img":"https://sgfm.elcorteingles.es/SGFM/dctm/MEDIA03/201709/04/00118822900280____6__600x600.jpg","price":"1,00 €","price_unit":"(7,41 € / Kilo)","categories":["Supermercado","Lácteos","Yogures","Yogur frutas","DANONE ORIGINAL yogur con fresa pack 2 unidades 135 g"],"general_information":["Denominación del alimento: Yogur con fresas","Nombre del operador: Danone S.A.","Dirección del operador: Buenos Aires, 21 - 08029 BARCELONA","Cantidad Neta: 270 g","Número de raciones por envase: 2"],"ingredients":[" Yogur natural azucarado (78%) [leche pasteurizada, azúcar (8,0%), leche en polvo desnatada, nata pasteurizada y fermentos lácticos] y preparado de fresa (22%) [fresas (50%), jarabe de glucosa, azúcar, almidón modificado de maiz, espesante (pectinas), aroma, correctores de acidez (citratos de sodio y calcio) y colorante (carmines)]."],"conservation":" Consérvese en frío entre 2°C y 6°C","ean":"8410500002770"},{"full_name":"DANONE ORIGINAL yogur con manzana y kiwi pack 2 unidades 135 g","name":"yogur con manzana y kiwi pack 2 unidades 135 g","brand":"DANONE ORIGINAL ","img":"https://sgfm.elcorteingles.es/SGFM/dctm/MEDIA03/201702/03/00118822900462____1__600x600.jpg","price":"1,00 €","price_unit":"(7,41 € / Kilo)","categories":["Supermercado","Lácteos","Yogures","Yogur frutas","DANONE ORIGINAL yogur con manzana y kiwi pack 2 unidades 135 g"],"general_information":["Denominación del alimento: Yogur con manzana y kiwi","Nombre del operador: Danone S.A.","Dirección del operador: Buenos Aires, 21 - 08029 BARCELONA","Cantidad Neta: 270 g","Número de raciones por envase: 2"],"ingredients":[" Yogur natural azucarado (78%) [leche pasteurizada, azúcar (8,0%), leche en polvo desnatada, nata pasteurizada y fermentos lácticos] y preparado de manzana y kiwi (22%) [manzana (35%), kiwi (15%), azúcar, agua, almidón modificado de maiz, espesante (pectinas), aromas, correctores de acidez (citrato de sodio y ácido cítrico) y concentrado de espirulina y cártamo]."],"conservation":" Consérvese en frío entre 2°C y 6°C","ean":"8410500020576"},{"full_name":"DANONE ORIGINAL yogur con cítricos pack 2 unidades 135 g","name":"yogur con cítricos pack 2 unidades 135 g","brand":"DANONE ORIGINAL ","img":"https://sgfm.elcorteingles.es/SGFM/dctm/MEDIA03/201702/03/00118822900454____1__600x600.jpg","price":"1,00 €","price_unit":"(3,70 € / Kilo)","categories":["Supermercado","Lácteos","Yogures","Yogur frutas","DANONE ORIGINAL yogur con cítricos pack 2 unidades 135 g"],"general_information":["Denominación del alimento: Yogur con limón, mandarina y naranja","Nombre del operador: Danone S.A.","Dirección del operador: Buenos Aires, 21 - 08029 BARCELONA","Cantidad Neta: 270 g","Número de raciones por envase: 2"],"ingredients":[" Yogur natural azucarado (78%) [leche pasteurizada, azúcar (8,0%), leche en polvo desnatada, nata pasteurizada y fermentos lácticos] y preparado de frutos cítricos (22%) [limón (17,5%), mandarina (11,4%), naranja (9,5%), jarabe de glucosa, agua, azúcar, almidón modificado de maiz, espesante (pectinas), aromas, correctores de acidez (citratos de sodio y calcio y ácido cítrico) y colorante (curcumina)]."],"conservation":" Consérvese en frío entre 2°C y 6°C","ean":"8410500020583"},{"full_name":"LARSA yogur con frutas del bosque tarrina 125 g","name":"yogur con frutas del bosque tarrina 125 g","brand":"LARSA ","img":"https://sgfm.elcorteingles.es/SGFM//00/62/4/0118820300624/0118820300624000g01011.jpg","price":"0,49 €","price_unit":"(3,92 € / Kilo)","categories":["Supermercado","Lácteos","Yogures","Yogur frutas","LARSA yogur con frutas del bosque tarrina 125 g"],"general_information":["Denominación del alimento: Yogur azucarado con frutas del bosque","Nombre del operador: Corporación Alimentaria Peñasanta S.A","Dirección del operador: Avda. Los Martices s/n-36600 Villagarcía de Arosa-Pontevedra","Cantidad Neta: 125 g"],"ingredients":[" Leche entera, mora (5%), fresa (1.5%), arándanos (1%), bayas de sauco(1%), frambuesa (0.3%), azúcar, proteínas lácteas, nata, fermentos lácticos, aroma de frutas del bosque,  y conservante de la fruta (E-202)"],"conservation":" Conservar en frío entre 1 y 8°C","ean":"8411024410218"},{"full_name":"LARSA yogur con melocotón tarrina 125 g","name":"yogur con melocotón tarrina 125 g","brand":"LARSA ","img":"https://sgfm.elcorteingles.es/SGFM//00/63/2/0118820300632/0118820300632000g01011.jpg","price":"0,49 €","price_unit":"(3,92 € / Kilo)","categories":["Supermercado","Lácteos","Yogures","Yogur frutas","LARSA yogur con melocotón tarrina 125 g"],"general_information":["Denominación del alimento: Yogur azucarado con melocotón","Nombre del operador: Corporación Alimentaria Peñasanta S.A","Dirección del operador: Avda. Los Martices s/n-36600 Villagarcía de Arosa-Pontevedra","Cantidad Neta: 125 g"],"ingredients":[" Leche entera, melocotón (9%), azúcar, proteínas lácteas, nata, fermentos lácticos, aroma de melocotón y conservante de la fruta (E-202)"],"conservation":" Conservar en frío entre 1 y 8°C","ean":"8411024410225"},{"full_name":"LARSA yogur con fresas tarrina 125 g","name":"yogur con fresas tarrina 125 g","brand":"LARSA ","img":"https://sgfm.elcorteingles.es/SGFM//00/60/8/0118820300608/0118820300608000g01011.jpg","price":"0,49 €","price_unit":"(3,92 € / Kilo)","categories":["Supermercado","Lácteos","Yogures","Yogur frutas","LARSA yogur con fresas tarrina 125 g"],"general_information":["Denominación del alimento: Yogur azucarado con fresa","Nombre del operador: Corporación Alimentaria Peñasanta S.A","Dirección del operador: Avda. Los Martices s/n-36600 Villagarcía de Arosa-Pontevedra","Cantidad Neta: 125 g"],"ingredients":[" Leche entera, fresa (9%), azúcar, proteínas lácteas, nata, fermentos lácticos, aroma de fresa, colorante (E-120) y conservante de la fruta (E-202"],"conservation":" Conservar en frío entre 1 y 8°C","ean":"8411024410201"},{"full_name":"YARANZA yogur cremoso con mango envase 140 g","name":"yogur cremoso con mango envase 140 g","brand":"YARANZA ","img":"https://sgfm.elcorteingles.es/SGFM/dctm/MEDIA03/201703/28/00118820302539____1__600x600.jpg","price":"0,95 €","price_unit":"(6,79 € / Kilo)","categories":["Supermercado","Lácteos","Yogures","Yogur frutas","YARANZA yogur cremoso con mango envase 140 g"],"general_information":["Denominación del alimento: Yogur con Mango","Nombre del operador: Lácteos Yaranza S.L.","Dirección del operador: Ctra. Corbillos, 20, 24227 Valdelafuente, León.","Cantidad Neta: 140 g","Otras menciones obligatorias en la etiqueta: Elaborado artesanalmente con leche fresca de granjas seleccionadas. Sólo 3% grasa. Sin gluten."],"ingredients":[" Leche de vaca pasterizada, azúcar, puré de mango 5% ( azúcar, pulpa de mango, mango concentrado, agua, almidón de maíz y aroma), leche en polvo desnatada y fermentos lácticos del yogur. Contiene frutos secos."],"conservation":" Conservar en frio entre 1°C y 8°C","ean":"8435143370024"},{"full_name":"SEÑORIO DE SARRIA yogur con fresas sin aditivos pack 2 unidades 125 g","name":"yogur con fresas sin aditivos pack 2 unidades 125 g","brand":"SEÑORIO DE SARRIA ","img":"https://sgfm.elcorteingles.es/SGFM/02/21/6/0118820302216/0118820302216000g01011.jpg","price":"1,60 €","price_unit":"(6,40 € / Kilo)","categories":["Supermercado","Lácteos","Yogures","Yogur frutas","SEÑORIO DE SARRIA yogur con fresas sin aditivos pack 2 unidades 125 g"],"general_information":["Denominación del alimento: Yogur con fresa","Nombre del operador: Señorio de Sarría, S.A","Dirección del operador: Finca Puente la Reina, s/n -31100 Puente la Reina (Navarra)","Cantidad Neta: 250,0 g"],"ingredients":[" Leche de vaca entera pasteurizada, nata, pulpa de fresa (20%) y fermentos lácticos."],"conservation":" Conservese entre 1°C y 8°C","ean":"8414345010150"},{"full_name":"SEÑORIO DE SARRIA yogur con melocotón sin aditivos pack 2 unidades 125 g","name":"yogur con melocotón sin aditivos pack 2 unidades 125 g","brand":"SEÑORIO DE SARRIA ","img":"https://sgfm.elcorteingles.es/SGFM/02/23/2/0118820302232/0118820302232000g01011.jpg","price":"1,60 €","price_unit":"(6,40 € / Kilo)","categories":["Supermercado","Lácteos","Yogures","Yogur frutas","SEÑORIO DE SARRIA yogur con melocotón sin aditivos pack 2 unidades 125 g"],"general_information":["Denominación del alimento: Yogur con melocotón","Nombre del operador: Señorio de Sarría, S.A","Dirección del operador: Finca Puente la Reina, s/n -31100 Puente la Reina (Navarra)","Cantidad Neta: 250,0 g"],"ingredients":[" Leche de vaca entera pasteurizada, nata, pulpa de melocotón (20%) y fermentos lácticos."],"conservation":" Conservese entre 1°C y 8°C","ean":"8414345010181"},{"full_name":"SEÑORIO DE SARRIA yogur con kiwi sin aditivos pack 2 unidades 125 g","name":"yogur con kiwi sin aditivos pack 2 unidades 125 g","brand":"SEÑORIO DE SARRIA ","img":"https://sgfm.elcorteingles.es/SGFM/02/24/0/0118820302240/0118820302240000g01011.jpg","price":"1,60 €","price_unit":"(6,40 € / Kilo)","categories":["Supermercado","Lácteos","Yogures","Yogur frutas","SEÑORIO DE SARRIA yogur con kiwi sin aditivos pack 2 unidades 125 g"],"general_information":["Denominación del alimento: Yogur con kiwi","Nombre del operador: Señorio de Sarría, S.A","Dirección del operador: Finca Puente la Reina, s/n -31100 Puente la Reina (Navarra)","Cantidad Neta: 250,0 g"],"ingredients":[" Leche de vaca entera pasteurizada, nata, pulpa de kiwi (20%) y fermentos lácticos."],"conservation":" Conservese entre 1°C y 8°C","ean":"8414345010198"},{"full_name":"SEÑORIO DE SARRIA yogur con frutas del bosque sin aditivos pack 2 unidades 125 g","name":"yogur con frutas del bosque sin aditivos pack 2 unidades 125 g","brand":"SEÑORIO DE SARRIA ","img":"https://sgfm.elcorteingles.es/SGFM/02/22/4/0118820302224/0118820302224000g01011.jpg","price":"1,60 €","price_unit":"(6,40 € / Kilo)","categories":["Supermercado","Lácteos","Yogures","Yogur frutas","SEÑORIO DE SARRIA yogur con frutas del bosque sin aditivos pack 2 unidades 125 g"],"general_information":["Denominación del alimento: Yogur con frutas del bosque","Nombre del operador: Señorio de Sarría, S.A","Dirección del operador: Finca Puente la Reina, s/n -31100 Puente la Reina (Navarra)","Cantidad Neta: 250,0 g"],"ingredients":[" Leche de vaca entera pasteurizada, nata, pulpa de frutas (20%) y fermentos lácticos."],"conservation":" Conservese entre 1°C y 8°C","ean":"8414345010174"},{"full_name":"EL PASTORET DE LA SEGARRA Caprichos de yogur con mango y frutas del bosque envase 150 g","name":"Caprichos de yogur con mango y frutas del bosque envase 150 g","brand":"EL PASTORET DE LA SEGARRA ","img":"https://sgfm.elcorteingles.es/SGFM/dctm/MEDIA03/201602/23/00201022800773____1__600x600.jpg","price":"2,20 €","price_unit":"(14,67 € / Kilo)","categories":["Supermercado","Lácteos","Yogures","Yogur frutas","EL PASTORET DE LA SEGARRA Caprichos de yogur con mango y frutas del bosque envase 150 g"],"general_information":["Denominación del alimento: Caprichos de Yoghourt ? Mango y frutas del bosque","País de origen: España","Nombre del operador: El Pastoret de la Segarra, S.L.","Dirección del operador: P.I. Bosc del Ferran 25270 Sant Guim de Freixenet (Lleida)","Lugar de procedencia del alimento: España","Cantidad Neta: 150 g","Número de raciones por envase: 1"],"ingredients":[" Leche pasteurizada de vaca, salsa de mango (21%) [puré de mango (36,5%*), azúcar, almidón modificado, espesantes (goma xantana, goma garrofín), conservante (sorbato potásico), aroma, colorante (beta-caroteno)], salsa de frutas del bosque (15%) [moras (15%*), grosellas (12%*), mirtilos 12%*), frambuesas (5%*), dextrosa, azúcar, almidón modificado, espesantes (goma xantana, goma garrofín), conservante (sorbato potásico), aroma], nata pasteurizada de vaca, azúcar (6,7%), proteínas de leche y fermentos lácticos. * expresado sobre el ingrediente compuesto."],"conservation":" Mantener a temperatura entre 2º y 6º C","ean":"0000084197726"},{"full_name":"EL PASTORET DE LA SEGARRA crema de yogur con fresas envase 125 g","name":"crema de yogur con fresas envase 125 g","brand":"EL PASTORET DE LA SEGARRA ","img":"https://sgfm.elcorteingles.es/SGFM/dctm/MEDIA02/CONTENIDOS/201407/21/00118822800142____1__600x600.jpg","price":"0,70 €","price_unit":"(5,60 € / Kilo)","categories":["Supermercado","Lácteos","Yogures","Yogur frutas","EL PASTORET DE LA SEGARRA crema de yogur con fresas envase 125 g"],"general_information":["Denominación del alimento: Yoghourt con Fresas","País de origen: España","Nombre del operador: El Pastoret de la Segarra, S.L.","Dirección del operador: P.I. Bosc del Ferran 25270 Sant Guim de Freixenet (Lleida)","Lugar de procedencia del alimento: España","Cantidad Neta: 125 g","Número de raciones por envase: 1"],"ingredients":[" Leche pasteurizada de  vaca, preparado de fresas (8,6%) [trozos de fresas (60%*), azúcar, jarabe de  glucosa/fructosa, almidón modificado, espesantes (pectina, goma garrofín),  conservante (sorbato potásico), colorante (carmines) y aroma], proteínas de  leche y fermentos lácticos. *% expresado sobre el ingrediente compuesto"],"conservation":" Mantener a temperatura entre 2º y 6º C","ean":"8424790100306"},{"full_name":"EL PASTORET DE LA SEGARRA crema de yogur con melocotón y maracuyá envase 125 g","name":"crema de yogur con melocotón y maracuyá envase 125 g","brand":"EL PASTORET DE LA SEGARRA ","img":"https://sgfm.elcorteingles.es/SGFM/dctm/MEDIA02/CONTENIDOS/201407/21/00118822800159____1__600x600.jpg","price":"0,70 €","price_unit":"(5,60 € / Kilo)","categories":["Supermercado","Lácteos","Yogures","Yogur frutas","EL PASTORET DE LA SEGARRA crema de yogur con melocotón y maracuyá envase 125 g"],"general_information":["Denominación del alimento: Yoghourt con Melocotón-Maracuyá","País de origen: España","Nombre del operador: El Pastoret de la Segarra, S.L.","Dirección del operador: P.I. Bosc del Ferran 25270 Sant Guim de Freixenet (Lleida)","Lugar de procedencia del alimento: España","Cantidad Neta: 125 g","Número de raciones por envase: 1"],"ingredients":[" Leche pasteurizada de vaca, preparado de melocotón-maracuyá (8,6%) [melocotón  (50%*), azúcar, zumo de maracuyá procedente de concentrado (5%*), almidón  modificado, espesante (carragenato), aroma, conservante (sorbato potásico),  antioxidante (ácido ascórbico) y colorante (extracto de pimentón)], proteínas  de leche y fermentos lácticos. *% expresado sobre el ingrediente compuesto."],"conservation":" Mantener a temperatura entre 2º y 6º C","ean":"8424790100504"},{"full_name":"EL PASTORET DE LA SEGARRA crema de yogur con frambuesas envase 125 g","name":"crema de yogur con frambuesas envase 125 g","brand":"EL PASTORET DE LA SEGARRA ","img":"https://sgfm.elcorteingles.es/SGFM/dctm/MEDIA02/CONTENIDOS/201407/21/00118822800167____1__600x600.jpg","price":"0,70 €","price_unit":"(5,60 € / Kilo)","categories":["Supermercado","Lácteos","Yogures","Yogur frutas","EL PASTORET DE LA SEGARRA crema de yogur con frambuesas envase 125 g"],"general_information":["Denominación del alimento: Yoghourt con Frambuesas","País de origen: España","Nombre del operador: El Pastoret de la Segarra, S.L.","Dirección del operador: P.I. Bosc del Ferran 25270 Sant Guim de Freixenet (Lleida)","Lugar de procedencia del alimento: España","Cantidad Neta: 125 g","Número de raciones por envase: 1"],"ingredients":[" Leche pasteurizada de vaca, preparado de frambuesa (8,6%) [puré de frambuesa  (35%*), azúcar, jarabe de glucosa, espesantes (pectina, goma garrofín), aroma y  colorante (carmines)], proteínas de leche y fermentos lácticos. *% expresado sobre el ingrediente  compuesto."],"conservation":" Mantener a temperatura entre 2º y 6º C","ean":"8424790100405"},{"full_name":"EL PASTORET DE LA SEGARRA yogur artesanal cremoso con melocotón y maracuyá tarrina 500 g","name":"yogur artesanal cremoso con melocotón y maracuyá tarrina 500 g","brand":"EL PASTORET DE LA SEGARRA ","img":"https://sgfm.elcorteingles.es/SGFM/dctm/MEDIA02/CONTENIDOS/201407/21/00118820302190____1__600x600.jpg","price":"2,25 €","price_unit":"(4,50 € / Kilo)","categories":["Supermercado","Lácteos","Yogures","Yogur frutas","EL PASTORET DE LA SEGARRA yogur artesanal cremoso con melocotón y maracuyá tarrina 500 g"],"general_information":["Denominación del alimento: Yoghourt con Melocotón & Maracuyá","País de origen: España","Nombre del operador: El Pastoret de la Segarra, S.L.","Dirección del operador: P.I. Bosc del Ferran 25270 Sant Guim de Freixenet (Lleida)","Lugar de procedencia del alimento: España","Cantidad Neta: 500 g","Número de raciones por envase: 4"],"ingredients":[" Leche pasteurizada de vaca, azúcar de caña, preparado de melocotón-maracuyá (8%) [melocotón (50%*), azúcar, zumo de maracuyá procedente de concentrado (5%*), almidón modificado, espesante (carragenato), aroma, conservante (sorbato potásico), antioxidante (ácido ascórbico) y colorante (extracto de pimentón)], proteínas de la leche y fermentos lácticos. *% expresado sobre el ingrediente compuesto."],"conservation":" Mantener a temperatura entre 2º y 6º C. No congelar","ean":"8424790109040"},{"full_name":"EL PASTORET DE LA SEGARRA yogur artesanal cremosos con fresas tarrina 500 g","name":"yogur artesanal cremosos con fresas tarrina 500 g","brand":"EL PASTORET DE LA SEGARRA ","img":"https://sgfm.elcorteingles.es/SGFM/dctm/MEDIA02/CONTENIDOS/201407/21/00118820302208____1__600x600.jpg","price":"2,25 €","price_unit":"(4,50 € / Kilo)","categories":["Supermercado","Lácteos","Yogures","Yogur frutas","EL PASTORET DE LA SEGARRA yogur artesanal cremosos con fresas tarrina 500 g"],"general_information":["Denominación del alimento: Yoghourt con Fresas","País de origen: España","Nombre del operador: El Pastoret de la Segarra, S.L.","Dirección del operador: P.I. Bosc del Ferran 25270 Sant Guim de Freixenet (Lleida)","Lugar de procedencia del alimento: España","Cantidad Neta: 500 g","Número de raciones por envase: 4"],"ingredients":[" Leche pasteurizada de vaca, azúcar de caña, preparado de fresas (8%) [trozos de fresas (60%*), azúcar, jarabe de glucosa/fructosa, almidón modificado, espesantes (pectina, goma garrofín), conservante (sorbato potásico), colorante (carmines) y aroma], proteínas de la leche y fermentos lácticos. *% expresado sobre el ingrediente compuesto."],"conservation":" Mantener a temperatura entre 2º y 6º C. No congelar","ean":"8424790107046"},{"full_name":"EL PASTORET DE LA SEGARRA Caprichos de yogur de frambuesa y lichi con pétalos de rosa envase 150 g","name":"Caprichos de yogur de frambuesa y lichi con pétalos de rosa envase 150 g","brand":"EL PASTORET DE LA SEGARRA ","img":"https://sgfm.elcorteingles.es/SGFM/dctm/MEDIA03/201707/07/00118822800746____2__600x600.jpg","price":"2,31 €","price_unit":"(15,40 € / Kilo)","categories":["Supermercado","Lácteos","Yogures","Yogur frutas","EL PASTORET DE LA SEGARRA Caprichos de yogur de frambuesa y lichi con pétalos de rosa envase 150 g"],"general_information":["Denominación del alimento: Postre con Yoghourt Natural Azucarado (71%) con frambuesa (5%) y lichi (0,8%) con aroma de pétalos de rosa","País de origen: España","Nombre del operador: El Pastoret de la Segarra, S.L.","Dirección del operador: P.I. Bosc del Ferran, s/n 25270 Sant Guim de Freixenet (Lleida) SPAIN","Cantidad Neta: 150 g","Número de raciones por envase: 1"],"ingredients":[" Leche  pasteurizada de vaca, nata  pasteurizada de vaca, azúcar (7%), proteínas de la leche, azúcar, puré de  frambuesa, jarabe de glucosa, zumo de lichi a partir de concentrado, almidón  modificado, espesantes (pectina, goma garrofín), acidulante (ácido cítrico),  conservante (sorbato potásico), aroma natural de lichi y pétalos de rosa, aroma  de frambuesa, colorantes (beta-caroteno, carmín) y fermentos  lácticos.    Puede contener  trazas de frutos de cáscara."],"conservation":" Conservar entre 2ºC y 6ºC.","ean":"0000084198624"},{"full_name":"EL PASTORET DE LA SEGARRA Caprichos de yogur crumble de galletas y frutas del bosque envase 150 g","name":"Caprichos de yogur crumble de galletas y frutas del bosque envase 150 g","brand":"EL PASTORET DE LA SEGARRA ","img":"https://sgfm.elcorteingles.es/SGFM/dctm/MEDIA03/201707/07/00118822800753____2__600x600.jpg","price":"2,31 €","price_unit":"(15,40 € / Kilo)","categories":["Supermercado","Lácteos","Yogures","Yogur frutas","EL PASTORET DE LA SEGARRA Caprichos de yogur crumble de galletas y frutas del bosque envase 150 g"],"general_information":["Denominación del alimento: Postre con Yoghourt Natural Azucarado (72%) con galleta caramelizada (4%) y frutas del boque (7%)","País de origen: España","Nombre del operador: El Pastoret de la Segarra, S.L","Dirección del operador: P.I Bosc del Ferran 25270 Sant Guim de Freixenet","Cantidad Neta: 150 g","Número de raciones por envase: 1"],"ingredients":[" Leche  pasteurizada de vaca, nata  pasteurizada de vaca, azúcar (7%), azúcar, dextrosa, moras, grosellas,  mirtilos, frambuesas, proteínas de la leche, almidón modificado, espesantes  (goma xantana, goma garrofín), jarabe de glucosa, leche condensada, harina de  arroz, manteca de cacao, huevo  pasteurizado, sal, acidulante (ácido cítrico), conservante (sorbato potásico),  aroma, antioxidante (ácido ascórbico), y fermentos lácticos.      Puede  contener trazas de frutos de cáscara."],"conservation":" Mantener a temperatura entre 2ºC Y 6ºC","ean":"0000084198617"},{"full_name":"EL PASTORET DE LA SEGARRA Caprichos de yogur de manzana al horno envase 150 g","name":"Caprichos de yogur de manzana al horno envase 150 g","brand":"EL PASTORET DE LA SEGARRA ","img":"https://sgfm.elcorteingles.es/SGFM/dctm/MEDIA03/201602/23/00201022800765____1__600x600.jpg","price":"2,20 €","price_unit":"(14,67 € / Kilo)","categories":["Supermercado","Lácteos","Yogures","Yogur frutas","EL PASTORET DE LA SEGARRA Caprichos de yogur de manzana al horno envase 150 g"],"general_information":["Denominación del alimento: Caprichos de Yoghourt ? Manzana al horno","País de origen: España","Nombre del operador: El Pastoret de la Segarra, S.L.","Dirección del operador: P.I. Bosc del Ferran 25270 Sant Guim de Freixenet (Lléida)","Lugar de procedencia del alimento: España","Cantidad Neta: 150 g","Número de raciones por envase: 1"],"ingredients":[" Leche pasteurizada de vaca, preparado de manzana (38%) [trozos de manzana (27%*), puré de manzana (22%*), jarabe de glucosa y fructosa, azúcar, almidón modificado, espesantes (goma xantana,  goma garrofín, pectina), caramelo, conservante (sorbato potásico), aroma], nata pasteurizada de vaca, azúcar (6,7%), proteínas de leche, crocanti de almendra (2%) [almendra, azúcar] y fermentos lácticos. * expresado sobre el ingrediente compuesto."],"conservation":" Mantener a temperatura entre 2º y 6º C","ean":"0000084197702"},{"full_name":"EL PASTORET DE LA SEGARRA Caprichos de yogur con naranja y chocolate envase 150 g","name":"Caprichos de yogur con naranja y chocolate envase 150 g","brand":"EL PASTORET DE LA SEGARRA ","img":"https://sgfm.elcorteingles.es/SGFM/dctm/MEDIA03/201602/23/00201022800781____1__600x600.jpg","price":"2,20 €","price_unit":"(14,67 € / Kilo)","categories":["Supermercado","Lácteos","Yogures","Yogur frutas","EL PASTORET DE LA SEGARRA Caprichos de yogur con naranja y chocolate envase 150 g"],"general_information":["Denominación del alimento: Caprichos de Yoghourt ? Naranja y Chocolate","País de origen: España","Nombre del operador: El Pastoret de la Segarra, S.L.","Dirección del operador: P.I. Bosc del Ferran, S.L.","Lugar de procedencia del alimento: España","Cantidad Neta: 150 g","Número de raciones por envase: 1"],"ingredients":[" Leche pasteurizada de vaca, salsa de naranja (24%) [piel de naranja (30%*), azúcar, zumo de naranja concentrado (11%*), almidón modificado, espesantes (goma xantana, goma garrofín), conservante (sorbato potásico), aroma], chocolate (21%) [cacao desgrasado, jarabe de glucosa, leche desnatada, manteca de cacao, emulgente (mono- y diglicéridos de ácidos grasos)], nata pasteurizada de vaca, azúcar (6,7%), proteínas de leche y fermentos lácticos. * expresado sobre el ingrediente compuesto."],"conservation":" Mantener a temperatura entre 2º y 6º C","ean":"0000084197733"},{"full_name":"EL PASTORET DE LA SEGARRA Caprichos de yogur con limón y hierbabuena envase 150 g","name":"Caprichos de yogur con limón y hierbabuena envase 150 g","brand":"EL PASTORET DE LA SEGARRA ","img":"https://sgfm.elcorteingles.es/SGFM/dctm/MEDIA03/201602/23/00201022800799____1__600x600.jpg","price":"2,31 €","price_unit":"(15,40 € / Kilo)","categories":["Supermercado","Lácteos","Yogures","Yogur frutas","EL PASTORET DE LA SEGARRA Caprichos de yogur con limón y hierbabuena envase 150 g"],"general_information":["Denominación del alimento: Caprichos de Yoghourt ? Limón y hierbabuena","País de origen: España","Nombre del operador: El Pastoret de la Segarra, S.L.","Dirección del operador: P.I. Bosc del Ferran 25270 Sant Guim de Freixenet (Lleida)","Lugar de procedencia del alimento: España","Cantidad Neta: 150 g","Número de raciones por envase: 1"],"ingredients":[" Leche pasteurizada de vaca, preparado de limón (20%) [zumo de  limón (14%*), almidón modificado, espesante (pectina), acidulante (ácido  cítrico), conservante (sorbato potásico)], preparado de limón-hierbabuena (10%)  [azúcar, limón (34%*) (piel de limón, zumo de limón), hierbabuena (0,8%*), almidón  modificado, espesantes (goma xantana, goma garrofín), acidulante (ácido  cítrico), conservante (sorbato potásico), aroma], nata pasteurizada de vaca, azúcar (6,7%), proteínas de leche y fermentos lácticos.* expresado sobre el  ingrediente compuesto."],"conservation":" Mantener a temperatura entre 2º y 6º C","ean":"0000084197757"},{"full_name":"SANTOLAYA yogur con mora frasco 190 g","name":"yogur con mora frasco 190 g","brand":"SANTOLAYA ","img":"https://sgfm.elcorteingles.es/SGFM/dctm/MEDIA03/201706/22/00201022900318____1__600x600.jpg","price":"1,49 €","price_unit":"(7,03 € / Kilo)","categories":["Supermercado","Lácteos","Yogures","Yogur frutas","SANTOLAYA yogur con mora frasco 190 g"],"general_information":["Denominación del alimento: Yogur con Moras","Nombre del operador: Santolaya C.B","Dirección del operador: Sta. Eulalia s/n  - 33310 Cabranes (Asturias)","Cantidad Neta: 200 g"],"ingredients":[" Leche natural pasterizada de vaca, fermentos, mermelada de mora 20% y azúcar."],"conservation":" Manterner a temperatura de conservación entre 3 y 6°C.","ean":"8437013596039"},{"full_name":"ASTURIANA yogur con melocotón envase 125 g","name":"yogur con melocotón envase 125 g","brand":"ASTURIANA ","img":"https://sgfm.elcorteingles.es/SGFM/dctm/MEDIA03/201708/24/00118820302455____5__600x600.jpg","price":"0,55 €","price_unit":"(4,40 € / Kilo)","categories":["Supermercado","Lácteos","Yogures","Yogur frutas","ASTURIANA yogur con melocotón envase 125 g"],"general_information":["Denominación del alimento: Yogur Con Melocotón","Nombre del operador: Corporación Alimentaria Peñasanta,","Dirección del operador: LG Sierra de Granda, s/n, 33199, Siero - Asturias.","Cantidad Neta: 0.125 Litros"],"ingredients":[" Leche entera, Preparado de fruta 25% (Melocotón: 80%, azúcar, almidón nativo de maíz, fibra, zumo de limón, aroma natural), proteínas de la leche, azúcar de caña, fermentos lácticos naturales (leche)"],"conservation":" Conservar en frio entre 1 y 8ºC","ean":"8410297230219"},{"full_name":"ASTURIANA yogur con mango y mandarina envase 125 g","name":"yogur con mango y mandarina envase 125 g","brand":"ASTURIANA ","img":"https://sgfm.elcorteingles.es/SGFM/dctm/MEDIA03/201708/24/00118820302471____1__600x600.jpg","price":"0,55 €","price_unit":"(4,40 € / Kilo)","categories":["Supermercado","Lácteos","Yogures","Yogur frutas","ASTURIANA yogur con mango y mandarina envase 125 g"],"general_information":["Denominación del alimento: Yogur Con Mango y Mandarina","Nombre del operador: Corporación Alimentaria Peñasanta,","Dirección del operador: LG Sierra de Granda, s/n, 33199, Siero - Asturias.","Cantidad Neta: 0.125 Litros"],"ingredients":[" Leche entera, Preparado de fruta 25% (mango: 55%, mandarina: 20%, azúcar, almidón nativo de maíz, fibra, aroma natural), proteínas de la leche, azúcar de caña, fermentos lácticos naturales (leche)"],"conservation":" Conservar en frio entre 1 y 8ºC","ean":"8410297231261"},{"full_name":"ASTURIANA yogur con plátano y nuez envase 125 g","name":"yogur con plátano y nuez envase 125 g","brand":"ASTURIANA ","img":"https://sgfm.elcorteingles.es/SGFM/dctm/MEDIA03/201708/24/00118820302489____1__600x600.jpg","price":"0,55 €","price_unit":"(4,40 € / Kilo)","categories":["Supermercado","Lácteos","Yogures","Yogur frutas","ASTURIANA yogur con plátano y nuez envase 125 g"],"general_information":["Denominación del alimento: Yogur Con Plátano y Nuez","Nombre del operador: Corporación Alimentaria Peñasanta,","Dirección del operador: LG Sierra de Granda, s/n, 33199, Siero - Asturias.","Cantidad Neta: 0.125 Litros"],"ingredients":[" Leche entera, Preparado de fruta 25%(Plátano: 40%, azúcar, nuez: 5%, almidón nativo de maíz, fibra , zumo de limón y aroma natural), proteínas de la leche, azúcar de caña, fermentos lácticos naturales (leche)"],"conservation":" Conservar en frio entre 1 y 8ºC","ean":"8410297231285"},{"full_name":"LA ERMITA DE SAN PEDRO yogur azucarado con mermefruta de arándanos sin gluten envase 200 g","name":"yogur azucarado con mermefruta de arándanos sin gluten envase 200 g","brand":"LA ERMITA DE SAN PEDRO ","img":"https://sgfm.elcorteingles.es/SGFM/dctm/MEDIA03/201709/06/00118820302547____1__600x600.jpg","price":"1,00 €","price_unit":"(5 € / Kilo)","categories":["Supermercado","Lácteos","Yogures","Yogur frutas","LA ERMITA DE SAN PEDRO yogur azucarado con mermefruta de arándanos sin gluten envase 200 g"],"general_information":[],"ingredients":[],"ean":"8436019984512"},{"full_name":"LA ERMITA DE SAN PEDRO yogur azucarado con mermefruta de fresa sin gluten envase 200 g","name":"yogur azucarado con mermefruta de fresa sin gluten envase 200 g","brand":"LA ERMITA DE SAN PEDRO ","img":"https://sgfm.elcorteingles.es/SGFM/dctm/MEDIA03/201709/06/00118820302596____1__600x600.jpg","price":"1,00 €","price_unit":"(5 € / Kilo)","categories":["Supermercado","Lácteos","Yogures","Yogur frutas","LA ERMITA DE SAN PEDRO yogur azucarado con mermefruta de fresa sin gluten envase 200 g"],"general_information":[],"ingredients":[],"ean":"8436019984567"},{"full_name":"LA ERMITA DE SAN PEDRO yogur azucarado con mermefruta de manzana sin gluten envase 200 g","name":"yogur azucarado con mermefruta de manzana sin gluten envase 200 g","brand":"LA ERMITA DE SAN PEDRO ","img":"https://sgfm.elcorteingles.es/SGFM/dctm/MEDIA03/201709/06/00118820302554____1__600x600.jpg","price":"1,75 €","price_unit":"(8,75 € / Kilo)","categories":["Supermercado","Lácteos","Yogures","Yogur frutas","LA ERMITA DE SAN PEDRO yogur azucarado con mermefruta de manzana sin gluten envase 200 g"],"general_information":[],"ingredients":[],"ean":"8436019984529"},{"full_name":"LA ERMITA yogur azucarado con mermefruta de melocotón sin gluten envase 200 g","name":"yogur azucarado con mermefruta de melocotón sin gluten envase 200 g","brand":"LA ERMITA ","img":"https://sgfm.elcorteingles.es/SGFM/dctm/MEDIA03/201709/06/00118820302588____1__600x600.jpg","price":"1,00 €","price_unit":"(5 € / Kilo)","categories":["Supermercado","Lácteos","Yogures","Yogur frutas","LA ERMITA yogur azucarado con mermefruta de melocotón sin gluten envase 200 g"],"general_information":[],"ingredients":[],"ean":"8436019984550"},{"full_name":"LA ERMITA DE SAN PEDRO yogur azucarado con mermefruta de zanahoria sin gluten envase 200 g","name":"yogur azucarado con mermefruta de zanahoria sin gluten envase 200 g","brand":"LA ERMITA DE SAN PEDRO ","img":"https://sgfm.elcorteingles.es/SGFM/dctm/MEDIA03/201709/06/00118820302562____1__600x600.jpg","price":"1,75 €","price_unit":"(8,75 € / Kilo)","categories":["Supermercado","Lácteos","Yogures","Yogur frutas","LA ERMITA DE SAN PEDRO yogur azucarado con mermefruta de zanahoria sin gluten envase 200 g"],"general_information":[],"ingredients":[],"ean":"8436019984536"},{"full_name":"REINA SUPREMO yogur de fresa y mango envase 125 g","name":"yogur de fresa y mango envase 125 g","brand":"REINA SUPREMO ","img":"https://sgfm.elcorteingles.es/SGFM/dctm/MEDIA03/201712/20/00118822800779____1__600x600.jpg","price":"1,25 €","price_unit":"(10 € / Kilo)","categories":["Supermercado","Lácteos","Yogures","Yogur frutas","REINA SUPREMO yogur de fresa y mango envase 125 g"],"general_information":["Denominación del alimento: Postre lácteo refrigeradoYogur natrual con mango-maracuyá y fresa.","País de origen: España","Nombre del operador: Postres y Dulces Reina,S.L.","Dirección del operador: Montero Alimentación, S.L. Avda. Severo Ochoa, 62. 29590 P.T.A. Málaga","Cantidad Neta: 125 g","Número de raciones por envase: 1"],"ingredients":[" Leche entera, nata, fresa (9,8%), mango (9,6%), azúcar, zumo de fruta de la pasión (1,9%), leche desnatada en polvo, proteína láctea, almidón modificado de maíz, correctores de la acidez (ácido cítrico y lactato de calcio), aromas naturales, estabilizantes (goma xantana y carragenanos), colorante (carmines), conervador (sorbato potáscio), antioxidante(ácido ascórbico) y fermentos lácticos."],"conservation":" Conservar en frío entre +2° y +6°C","ean":"8424893500775"},{"full_name":"REINA SUPREMO yogur de plátano, naranja y galleta envase 120 g","name":"yogur de plátano, naranja y galleta envase 120 g","brand":"REINA SUPREMO ","img":"https://sgfm.elcorteingles.es/SGFM/dctm/MEDIA03/201712/20/00118822800787____1__600x600.jpg","price":"1,25 €","price_unit":"(10,42 € / Kilo)","categories":["Supermercado","Lácteos","Yogures","Yogur frutas","REINA SUPREMO yogur de plátano, naranja y galleta envase 120 g"],"general_information":["Denominación del alimento: Yogur natural con preparado sabor galleta, plátano y naranja.","País de origen: España","Nombre del operador: Postres y Dulces Reina,S.L.","Dirección del operador: Montero Alimentación, S.L. Avda. Severo Ochoa, 62. 29590 P.T.A. Málaga","Cantidad Neta: 120 g","Número de raciones por envase: 1"],"ingredients":[" Leche entera, nata, azúcar, plátano(2,3%), naranja (2,3%), leche desnatada en polvo, proteína láctea, almidón de maíz, almidón modificado de maíz, jarabe de glucosa, estabilizantes (agar agar, pectina, goma garrofín) corrector de la acidez (ácido cítrico), zumo concentrado de limón, aormas, conservador(sorbato potásico) y fermentos lácticos."],"conservation":" Conservar en frío entre +2° y +6°C","ean":"8424893500713"},{"full_name":"ULTZAMA yogur de oveja con arándanos sin gluten pack 2 unidades 80 g","name":"yogur de oveja con arándanos sin gluten pack 2 unidades 80 g","brand":"ULTZAMA ","img":"https://sgfm.elcorteingles.es/SGFM/dctm/MEDIA03/201712/20/00118820302646____1__600x600.jpg","price":"1,39 €","price_unit":"(8,69 € / Kilo)","categories":["Supermercado","Lácteos","Yogures","Yogur frutas","ULTZAMA yogur de oveja con arándanos sin gluten pack 2 unidades 80 g"],"general_information":["Denominación del alimento: Yogur natural de leche de oveja con arándanos","Nombre del operador: Sat Ultzamakoak","Dirección del operador: Ctra NA-121A Km 25 -31798 Lantz (Navarra) - España.","Cantidad Neta: 160 g"],"ingredients":[" Leche de oveja pasteurizada 72%, preparado de arándanos 20% (azúcar, jarabe de glucosa, agua, arándanos 10%, almidón modificado de maíz, espesante (pectina) ácido cítrico (E-330), conservadores (E-202, E-211), colorantes (E-163, E-131) y aroma), azúcar 8% y fermentos lácticos."],"conservation":" Conservar refrigerado de 2 a 4°C","ean":"8437000629511"},{"full_name":"ULTZAMA yogur de oveja co fresas sin gluten pack 2 unidades 80 g","name":"yogur de oveja co fresas sin gluten pack 2 unidades 80 g","brand":"ULTZAMA ","img":"https://sgfm.elcorteingles.es/SGFM/dctm/MEDIA03/201712/20/00118820302679____1__600x600.jpg","price":"1,39 €","price_unit":"(8,69 € / Kilo)","categories":["Supermercado","Lácteos","Yogures","Yogur frutas","ULTZAMA yogur de oveja co fresas sin gluten pack 2 unidades 80 g"],"general_information":["Denominación del alimento: Yogur natural de leche de oveja con fresas.","Nombre del operador: Sat Ultzamakoak","Dirección del operador: Ctra NA-121A Km 25 -31798 Lantz (Navarra) - España.","Cantidad Neta: 160 g"],"ingredients":[" Leche de oveja pasteurizada 72%, preparado de fresa 20% (fresas 30%, azúcar, agua, almidón modificado (E-1422), estabilizadores (E-401, E-407), ácido cítrico (E-330), conservante (E-202), colorante natural  (E-120), sustancias aromatizantes), azúcar 8% y fermentos lácticos."],"conservation":" Conservar refrigerado de 2 a 4°C","ean":"8437000629504"},{"full_name":"ULTZAMA yogur de oveja con mandarina sin gluten pack 2 unidades 80 g","name":"yogur de oveja con mandarina sin gluten pack 2 unidades 80 g","brand":"ULTZAMA ","img":"https://sgfm.elcorteingles.es/SGFM/dctm/MEDIA03/201712/20/00118820302653____1__600x600.jpg","price":"1,39 €","price_unit":"(8,69 € / Kilo)","categories":["Supermercado","Lácteos","Yogures","Yogur frutas","ULTZAMA yogur de oveja con mandarina sin gluten pack 2 unidades 80 g"],"general_information":["Denominación del alimento: Yogur natural de leche de oveja con mandarina.","Nombre del operador: Sat Ultzamakoak","Dirección del operador: Ctra NA-121A Km 25 -31798 Lantz (Navarra) - España.","Cantidad Neta: 100 g"],"ingredients":[" Leche de oveja pasteurizada 72%, preparado de mandarina 20% (mandarina 50%, azúcar, agua, almidón modificado (E-1422), estabilizadores (E-401, E-407), ácido cítrico (E-330), conservante (E-202), sustancias aromatizantes), azúcar 8% y fermentos lácticos."],"conservation":" Conservar refrigerado de 2 a 4°C","ean":"8437000629498"},{"full_name":"ULTZAMA yogur de oveja con papaya sin gluten pack 2 unidades 80 g","name":"yogur de oveja con papaya sin gluten pack 2 unidades 80 g","brand":"ULTZAMA ","img":"https://sgfm.elcorteingles.es/SGFM/dctm/MEDIA03/201712/20/00118820302661____1__600x600.jpg","price":"1,39 €","price_unit":"(8,69 € / Kilo)","categories":["Supermercado","Lácteos","Yogures","Yogur frutas","ULTZAMA yogur de oveja con papaya sin gluten pack 2 unidades 80 g"],"general_information":["Denominación del alimento: Yogur natural de leche de oveja con papaya.","Nombre del operador: Sat Ultzamakoak","Dirección del operador: Ctra NA-121A Km 25 -31798 Lantz (Navarra) - España.","Cantidad Neta: 160 g"],"ingredients":[" Leche de oveja pasteurizada 72%, preparado de papaya 20% (papaya 33%, azúcar, agua, almidón modificado (E-1422), estabilizadores (E-401, E-407), ácido cítrico (E-330), conservante (E-202), sustancias aromatizantes), azúcar 8% y fermentos lácticos."],"conservation":" Conservar refrigerado de 2 a 4°C","ean":"8437000629528"},{"full_name":"EL CORTE INGLES yogur desnatado con trozos de frutas 2 fresa + 2 manzana + 2 piña + 2 melocotón pack 8 unidades 125 g","name":"yogur desnatado con trozos de frutas 2 fresa + 2 manzana + 2 piña + 2 melocotón pack 8 unidades 125 g","brand":"EL CORTE INGLES ","img":"https://sgfm.elcorteingles.es/SGFM/dctm/MEDIA03/201702/02/00118820403147____7__600x600.jpg","price":"1,90 €","price_unit":"(1,90 € / Kilo)","categories":["Supermercado","Lácteos","Yogures","Yogur frutas desnatado","EL CORTE INGLES yogur desnatado con trozos de frutas 2 fresa + 2 manzana + 2 piña + 2 melocotón pack 8 unidades 125 g"],"general_information":["Denominación del alimento: YOGUR EDULCORADO DESNATADO CON FRUTAS: fresa, manzana, piña y melocotón.","Nombre del operador: Distribuido para El Corte Inglés por\nL.N.P.L.R.I. S.A\nAv. de la Fama, 16-20 \n08940 Cornellà de Llobregat (Barcelona) - España","Cantidad Neta: 1000 g","Número de raciones por envase: 8"],"ingredients":[" INGREDIENTES:\nLeche desnatada, frutas (piña 9,8%, fresa 9,8%, manzana 9,8%, melocotón 10,5%), proteínas de leche y lactosa, fibras alimentarias (oligofructosa), almidón modificado (E 1422, E 1442 o E 1414), aromas, espesantes (E 407, E 412, E 440ii, E 415), correctores de acidez (E 330, E 341, E 331), edulcorantes (aspartamo*, acesulfamo k), conservador de la fruta (E 202), fermentos lácticos, colorantes (E 120, E 160c).                                                                                                                * Contiene una fuente de fenilalanina.\nCONTIENE AZÚCARES NATURALMENTE PRESENTES."],"conservation":" Conservar en frio entre 1ºC y 8ºC","ean":"8433329067959"},{"full_name":"DANONE VITALINEA Pro Satisfacción yogur desnatado con fresa pack 4 unidades 135 g","name":"Pro Satisfacción yogur desnatado con fresa pack 4 unidades 135 g","brand":"DANONE VITALINEA ","img":"https://sgfm.elcorteingles.es/SGFM/dctm/MEDIA03/201702/03/00118820402248____2__600x600.jpg","price":"1,99 €","price_unit":"(3,69 € / Kilo)","categories":["Supermercado","Lácteos","Yogures","Yogur frutas desnatado","DANONE VITALINEA Pro Satisfacción yogur desnatado con fresa pack 4 unidades 135 g"],"general_information":["Denominación del alimento: Leche fermentada sabor fresa con queso fresco desnatado. Con edulcorantes","Nombre del operador: Danone S.A.","Dirección del operador: Buenos Aires, 21 - 08029 BARCELONA","Cantidad Neta: 540 g","Número de raciones por envase: 4"],"ingredients":[" Queso fresco desnatado 50% (leche desnatada , cuajo y fermentos lácticos), leche desnatada pasterizada, leche desnatada en polvo, proteínas de leche, goma guar, nata, edulcorantes (acesulfamo K y sucralosa), fermentos lácticos, aroma y colorante (carmín)"],"conservation":" Consérvese en frío entre 2°C y 6°C","ean":"8410500013608"},{"full_name":"ASTURIANA yogur desnatado con trozos de melocotón envase 125 g","name":"yogur desnatado con trozos de melocotón envase 125 g","brand":"ASTURIANA ","img":"https://sgfm.elcorteingles.es/SGFM/dctm/MEDIA03/201606/06/00118820403048____1__600x600.jpg","price":"0,45 €","price_unit":"(3,60 € / Kilo)","categories":["Supermercado","Lácteos","Yogures","Yogur frutas desnatado","ASTURIANA yogur desnatado con trozos de melocotón envase 125 g"],"general_information":["Denominación del alimento: Yogur desnatado con melocotón con azucares (fructosa) y edulcorante","Nombre del operador: Corporación Alimentaria Peñasanta,","Dirección del operador: LG Sierra de Granda, s/n, 33199, Siero - Asturias.","Cantidad Neta: 0.125 Litros"],"ingredients":[" Leche desnatada, Preparado de fruta 15% (Melocotón: 65%, fructosa, almidón nativo de maíz, fibra, aroma natural, zumos de acerola y limón), proteínas de la leche, edulcorante (glucósidos de esteviol), fermentos lácticos naturales (leche)"],"conservation":" Conservar en frio entre 1 y 8ºC","ean":"8410297231124"},{"full_name":"ASTURIANA yogur desnatado con trozos de fresa envase 125 g","name":"yogur desnatado con trozos de fresa envase 125 g","brand":"ASTURIANA ","img":"https://sgfm.elcorteingles.es/SGFM/dctm/MEDIA03/201606/06/00118820403030____1__600x600.jpg","price":"0,45 €","price_unit":"(3,60 € / Kilo)","categories":["Supermercado","Lácteos","Yogures","Yogur frutas desnatado","ASTURIANA yogur desnatado con trozos de fresa envase 125 g"],"general_information":["Denominación del alimento: Yogur desnatado con fresa con azucares (fructosa) y edulcorante","Nombre del operador: Corporación Alimentaria Peñasanta,","Dirección del operador: LG Sierra de Granda, s/n, 33199, Siero - Asturias.","Cantidad Neta: 0.125 Litros"],"ingredients":[" Leche desnatada, Preparado de fruta 15% (Fresas: 55%, fructosa, almidón nativo de maíz, fibra, zumo de frutos rojos, aroma natural), proteínas de la leche, proteínas de la leche, edulcorante (glucósidos de esteviol) fermentos lácticos naturales (leche)"],"conservation":" Conservar en frio entre 1 y 8ºC","ean":"8410297230318"},{"full_name":"ASTURIANA yogur desnatado con trozos de manzana envase 125 g","name":"yogur desnatado con trozos de manzana envase 125 g","brand":"ASTURIANA ","img":"https://sgfm.elcorteingles.es/SGFM/dctm/MEDIA03/201708/24/00118820403071____1__600x600.jpg","price":"0,45 €","price_unit":"(3,60 € / Kilo)","categories":["Supermercado","Lácteos","Yogures","Yogur frutas desnatado","ASTURIANA yogur desnatado con trozos de manzana envase 125 g"],"general_information":["Denominación del alimento: Yogur desnatado con manzana con azucares (fructosa) y edulcorante","Nombre del operador: Corporación Alimentaria Peñasanta,","Dirección del operador: LG Sierra de Granda, s/n, 33199, Siero - Asturias.","Cantidad Neta: 0.125 Litros"],"ingredients":[" Leche desnatada, Preparado de fruta 15% (Manzana: 80%, fructosa, fibra,aroma natural, zumos de acerola y limón), proteínas de la leche, edulcorante (glucósidos de esteviol), fermentos lácticos naturales (leche)"],"conservation":" Conservar en frio entre 1 y 8ºC","ean":"8410297231155"},{"full_name":"ASTURIANA yogur desnatado con trozos de pera canela envase 125 g","name":"yogur desnatado con trozos de pera canela envase 125 g","brand":"ASTURIANA ","img":"https://sgfm.elcorteingles.es/SGFM/dctm/MEDIA03/201708/24/00118820403063____1__600x600.jpg","price":"0,45 €","price_unit":"(3,60 € / Kilo)","categories":["Supermercado","Lácteos","Yogures","Yogur frutas desnatado","ASTURIANA yogur desnatado con trozos de pera canela envase 125 g"],"general_information":["Denominación del alimento: Yogur desnatado con pera-canela con azucares (fructosa) y edulcorante","Nombre del operador: Corporación Alimentaria Peñasanta,","Dirección del operador: LG Sierra de Granda, s/n, 33199, Siero - Asturias.","Cantidad Neta: 0.125 Litros"],"ingredients":[" proteínas de la leche, Preparado de fruta 15% (Pera: 80%, fructosa, fibra, aroma natural, zumo de limón, canela: 0,1%), edulcorante (glucósidos de esteviol), fermentos lácticos naturales (leche)"],"conservation":" Conservar en frio entre 1 y 8ºC","ean":"8410297231131"},{"full_name":"NESTLE SVELTESSE DUO yogur desnatado 0% con trozos de melocotón y mango pack 4 unidades 125 g","name":"yogur desnatado 0% con trozos de melocotón y mango pack 4 unidades 125 g","brand":"NESTLE SVELTESSE DUO ","img":"https://sgfm.elcorteingles.es/SGFM/dctm/MEDIA03/201610/21/00118820402677____1__600x600.jpg","price":"1,99 €","price_unit":"(3,98 € / Kilo)","categories":["Supermercado","Lácteos","Yogures","Yogur frutas desnatado","NESTLE SVELTESSE DUO yogur desnatado 0% con trozos de melocotón y mango pack 4 unidades 125 g"],"general_information":["Denominación del alimento: Yogur edulcorado desnatado con melocotón y mango, Contiene edulcorantes","Nombre del operador: Lactalis Nestlé PLRI","Dirección del operador: Avda de la Fama 16-20, Cornella de Llobregat, 08940 Barcelona","Cantidad Neta: 500 g"],"ingredients":[],"conservation":" conservar en frio de 1-8°C","ean":"3023290171219"},{"full_name":"NESTLE SVELTESSE yogur desnatado 0% dúo de frutas pack 4 unidades 125 g","name":"yogur desnatado 0% dúo de frutas pack 4 unidades 125 g","brand":"NESTLE SVELTESSE ","img":"https://sgfm.elcorteingles.es/SGFM/dctm/MEDIA03/201610/21/00118820400465____1__600x600.jpg","price":"1,99 €","price_unit":"(3,98 € / Kilo)","categories":["Supermercado","Lácteos","Yogures","Yogur frutas desnatado","NESTLE SVELTESSE yogur desnatado 0% dúo de frutas pack 4 unidades 125 g"],"general_information":["Denominación del alimento: Yogur edulcorado desnatado con fruta, contiene edulcorantes","Nombre del operador: Lactalis Nestlé PLRI","Dirección del operador: Avda de la Fama 16-20, Cornella de Llobregat, 08940 Barcelona","Cantidad Neta: 500 g"],"ingredients":[],"conservation":" conservar en frio de 1-8°C","ean":"3023290602065"},{"full_name":"NESTLE SVELTESSE yogur desnatado 0% con muesli pack 4 unidades 125 g","name":"yogur desnatado 0% con muesli pack 4 unidades 125 g","brand":"NESTLE SVELTESSE ","img":"https://sgfm.elcorteingles.es/SGFM/dctm/MEDIA03/201610/21/00118820400390____1__600x600.jpg","price":"1,99 €","price_unit":"(3,98 € / Kilo)","categories":["Supermercado","Lácteos","Yogures","Yogur frutas desnatado","NESTLE SVELTESSE yogur desnatado 0% con muesli pack 4 unidades 125 g"],"general_information":["Denominación del alimento: Yogur edulcorado desnatado con muesli, contiene edulcorantes","Nombre del operador: Lactalis Nestlé PLRI","Dirección del operador: Avda de la Fama 16-20, Cornella de Llobregat, 08940 Barcelona","Cantidad Neta: 500 g"],"ingredients":[],"conservation":" conservar en frio de 1-8°C","ean":"3023290661499"},{"full_name":"NESTLE SVELTESSE yogur desnatado 0% selección de frutas con manzana y kiwi pack 4 unidades 125 g","name":"yogur desnatado 0% selección de frutas con manzana y kiwi pack 4 unidades 125 g","brand":"NESTLE SVELTESSE ","img":"https://sgfm.elcorteingles.es/SGFM/dctm/MEDIA03/201610/21/00118820400424____1__600x600.jpg","price":"1,99 €","price_unit":"(3,98 € / Kilo)","categories":["Supermercado","Lácteos","Yogures","Yogur frutas desnatado","NESTLE SVELTESSE yogur desnatado 0% selección de frutas con manzana y kiwi pack 4 unidades 125 g"],"general_information":["Denominación del alimento: Yogur edulcorado desnatado con manzana y kiwi, Contiene edulcorantes","Nombre del operador: Lactalis Nestlé PLRI","Dirección del operador: Avda de la Fama 16-20, Cornella de Llobregat, 08940 Barcelona","Cantidad Neta: 500 g"],"ingredients":[],"conservation":" conservar en frio de 1-8°C","ean":"3023290661680"},{"full_name":"DANONE ACTIVIA yogur de frutas exóticas con mango, papaya y soja pack 4 unidades 125 g","name":"yogur de frutas exóticas con mango, papaya y soja pack 4 unidades 125 g","brand":"DANONE ACTIVIA ","img":"https://sgfm.elcorteingles.es/SGFM/dctm/MEDIA03/201706/23/00118823101508____7__600x600.jpg","price":"1,99 €","price_unit":"(3,98 € / Kilo)","categories":["Supermercado","Lácteos","Yogures","Bífidus","DANONE ACTIVIA yogur de frutas exóticas con mango, papaya y soja pack 4 unidades 125 g"],"general_information":["Denominación del alimento: Leche fermentada con bífidus actiregularis. Con frutos exóticos y extracto de soja.","Nombre del operador: Danone S.A.","Dirección del operador: Buenos Aires, 21 - 08029 BARCELONA","Cantidad Neta: 500 g","Número de raciones por envase: 4"],"ingredients":[" Leche, azúcar, frutas 7,4% (mango y papaya), extracto de soja 1,6% (81% proteína), nata, leche en polvo desnatada, jarabe de glucosa y fructosa, bifidobacterias y otros fermentos lácticos activos, colorantes naturales (paprika y riboflavina) y aroma. Puede contener trazas de cereales (gluten menos de 3ppm) y frutos de cáscara."],"conservation":" Consérvese en frío entre 2°C y 6°C","ean":"8410500008970"},{"full_name":"DANONE ACTIVIA yogur natural con soja azucarado pack 4 unidades 125 g","name":"yogur natural con soja azucarado pack 4 unidades 125 g","brand":"DANONE ACTIVIA ","img":"https://sgfm.elcorteingles.es/SGFM/dctm/MEDIA03/201706/23/00118823101417____7__600x600.jpg","price":"1,99 €","price_unit":"(3,98 € / Kilo)","categories":["Supermercado","Lácteos","Yogures","Bífidus","DANONE ACTIVIA yogur natural con soja azucarado pack 4 unidades 125 g"],"general_information":["Denominación del alimento: Leche fermentada con bífidus actiregularis. Con extracto de soja y azúcar.","Nombre del operador: Danone S.A.","Dirección del operador: Buenos Aires, 21 - 08029 BARCELONA","Cantidad Neta: 500 g","Número de raciones por envase: 4"],"ingredients":[" Leche, azúcar (5%), extracto de soja 1,8% (81% proteína), nata, leche en polvo desnatada, bifidobacterias y otros fermentos lácticos activos. Puede contener trazas de cereales (gluten menos de 3ppm) y frutos de cáscara."],"conservation":" Consérvese en frío entre 2°C y 6°C","ean":"8410500003487"},{"full_name":"DANONE SAVIA yogur de soja 100% vegetal natural edulcorado pack 4 unidades 125 g","name":"yogur de soja 100% vegetal natural edulcorado pack 4 unidades 125 g","brand":"DANONE SAVIA ","img":"https://sgfm.elcorteingles.es/SGFM/dctm/MEDIA03/201705/31/00118823300548____3__600x600.jpg","price":"1,99 €","price_unit":"(3,98 € / Kilo)","categories":["Supermercado","Lácteos","Yogures","Yogur soja","DANONE SAVIA yogur de soja 100% vegetal natural edulcorado pack 4 unidades 125 g"],"general_information":["Denominación del alimento: Especialidad de soja fermentada con edulcorantes.","Nombre del operador: Danone S.A.","Dirección del operador: Buenos Aires, 21 - 08029 BARCELONA","Cantidad Neta: 500 g","Número de raciones por envase: 4"],"ingredients":[" Bebida de soja (87,3%) [agua, habas de soja (13,7%)], oligofructosa, concentrado de proteína de soja, almidón modificado de tapioca, fosfato tricálcico, aroma, fermento, sal, edulcorantes (acesulfamo K y sucralosa) y vitamina B12.Puede contener trazas de cereales con gluten y frutos de cáscara."],"conservation":" Consérvese en frío entre 2°C y 6°C","ean":"8410500009885"},{"full_name":"SOJASUN especialidad fresca de soja con bífidus natural pack 6 envase 100 g","name":"especialidad fresca de soja con bífidus natural pack 6 envase 100 g","brand":"SOJASUN ","img":"https://sgfm.elcorteingles.es/SGFM/dctm/MEDIA02/CONTENIDOS/201511/23/00118823300258____1__600x600.jpg","price":"2,38 €","price_unit":"(3,97 € / Kilo)","categories":["Supermercado","Lácteos","Yogures","Yogur soja","SOJASUN especialidad fresca de soja con bífidus natural pack 6 envase 100 g"],"general_information":["Denominación del alimento: Especialidad vegetal de soja, fermentada, con Bifidus y enriquecido con calcio - natural","Nombre del operador: Triballat España, S.L.","Dirección del operador: Calle Casas de Miravete, 24B. Edificio 3 Planta 3 Oficina 1. 28031 Madrid","Cantidad Neta: 600 g","Otras menciones obligatorias en la etiqueta: Soja no modificada genéticamente"],"ingredients":[" Bebida de soja (agua, habas de soja 9%), fósfato de calcio, fermentos seleccionados de los cuales Bifidus y Acidofilus."],"conservation":" Conservar entre +2°C y + 6°C","ean":"3273227481014"},{"full_name":"SOJASUN especialidad fresca de soja con bífidus natural con calcio envase 250 g","name":"especialidad fresca de soja con bífidus natural con calcio envase 250 g","brand":"SOJASUN ","img":"https://sgfm.elcorteingles.es/SGFM/00/26/6/0118823300266/0118823300266000g01011.jpg","price":"2,06 €","price_unit":"(8,24 € / Kilo)","categories":["Supermercado","Lácteos","Yogures","Yogur soja","SOJASUN especialidad fresca de soja con bífidus natural con calcio envase 250 g"],"general_information":["Denominación del alimento: Especialidad vegetal de soja, fermentada, con Bifidus y enriquecido con calcio - natural","Nombre del operador: Triballat España, S.L.","Dirección del operador: Calle Casas de Miravete, 24B. Edificio 3 Planta 3 Oficina 1. 28031 Madrid","Cantidad Neta: 250 g","Otras menciones obligatorias en la etiqueta: Soja no modificada genéticamente"],"ingredients":[" Bebida de soja 78% (agua, habas de soja 9%), fósfato de calcio, fermentos seleccionados de los cuales Bifidus y Acidofilus."],"conservation":" Conservar entre +2°C y + 6°C","ean":"3273227581028"},{"full_name":"SOJASUN especialidad fresca de soja con trozos de cerezas pack 4 envase 100 g","name":"especialidad fresca de soja con trozos de cerezas pack 4 envase 100 g","brand":"SOJASUN ","img":"https://sgfm.elcorteingles.es/SGFM/dctm/MEDIA02/CONTENIDOS/201511/23/00118823300092____1__600x600.jpg","price":"1,86 €","price_unit":"(4,65 € / Kilo)","categories":["Supermercado","Lácteos","Yogures","Yogur soja","SOJASUN especialidad fresca de soja con trozos de cerezas pack 4 envase 100 g"],"general_information":["Denominación del alimento: Especialidad de soja fermentada, azucarada, con frutas, enriquecida con calcio. Cereza.","Nombre del operador: Triballat España, S.L.","Dirección del operador: Calle Casas de Miravete, 24B. Edificio 3 Planta 3 Oficina 1. 28031 Madrid","Cantidad Neta: 400 g","Otras menciones obligatorias en la etiqueta: Soja no modificada genéticamente"],"ingredients":[" Bebida de soja 78% (agua, habas de soja 9%), cereza 11%, azúcar, espesantes: almidón transformado  de maíz sin OGM - pectina - harina de semillas de algarroba, aroma natural de cereza y otros aromas naturales, fósfato de calcio, fermentos seleccionados."],"conservation":" Conservar entre +2°C y + 6°C","ean":"3273227483131"},{"full_name":"SOJASUN especialidad fresca de soja con trozos de frutas del bosque pack 4 envase 100 g","name":"especialidad fresca de soja con trozos de frutas del bosque pack 4 envase 100 g","brand":"SOJASUN ","img":"https://sgfm.elcorteingles.es/SGFM/dctm/MEDIA02/CONTENIDOS/201511/23/00118823300076____2__600x600.jpg","price":"1,86 €","price_unit":"(4,65 € / Kilo)","categories":["Supermercado","Lácteos","Yogures","Yogur soja","SOJASUN especialidad fresca de soja con trozos de frutas del bosque pack 4 envase 100 g"],"general_information":["Denominación del alimento: Especialidad de soja fermentada, azucarada, con frutas, enriquecida con calcio. Frutos Rojos.","Nombre del operador: Triballat España, S.L.","Dirección del operador: Calle Casas de Miravete, 24B. Edificio 3 Planta 3 Oficina 1. 28031 Madrid","Cantidad Neta: 400 g","Otras menciones obligatorias en la etiqueta: Soja no modificada genéticamente"],"ingredients":[" Bebida de soja 78% (agua, habas de soja 9%), frutas 10% (arándano, fresa, mora, frambuesa), azúcar, almidón de arroz, fósfato de calcio, espesantes: pectina - harina de semillas de algarroba, aroma natural, zumo concentrado de limón, fermentos seleccionados."],"conservation":" Conservar entre +2°C y + 6°C","ean":"3273227483407"},{"full_name":"SOJASUN especialidad fresca de soja con pulpa de frambuesa y fruta de la pasión pack 4 envase 100 g","name":"especialidad fresca de soja con pulpa de frambuesa y fruta de la pasión pack 4 envase 100 g","brand":"SOJASUN ","img":"https://sgfm.elcorteingles.es/SGFM/dctm/MEDIA02/CONTENIDOS/201511/23/00118823300126____1__600x600.jpg","price":"1,86 €","price_unit":"(4,65 € / Kilo)","categories":["Supermercado","Lácteos","Yogures","Yogur soja","SOJASUN especialidad fresca de soja con pulpa de frambuesa y fruta de la pasión pack 4 envase 100 g"],"general_information":["Denominación del alimento: Especialidad de soja fermentada, azucarada, con frutas, enriquecida con calcio. Frambuesa Pasión.","Nombre del operador: Triballat España, S.L.","Dirección del operador: Calle Casas de Miravete, 24B. Edificio 3 Planta 3 Oficina 1. 28031 Madrid","Cantidad Neta: 400 g","Otras menciones obligatorias en la etiqueta: Soja no modificada genéticamente"],"ingredients":[" Bebida de soja 78% (agua, habas de soja 9%), azúcar, frambuesa 8.2%, zumo de maracuyá 2.2%, fósfato de calcio, espesantes: harina de semillas de algarroba  - pectina, zumo concentrado de saúco, aroma natural, zumo concentrado de limón, fermentos seleccionados."],"conservation":" Conservar entre +2°C y + 6°C","ean":"3273227482196"},{"full_name":"SOJASUN especialidad fresca de mandarina y lima pack 4 unidades 100 g","name":"especialidad fresca de mandarina y lima pack 4 unidades 100 g","brand":"SOJASUN ","img":"https://sgfm.elcorteingles.es/SGFM/dctm/MEDIA02/CONTENIDOS/201601/20/00118823300779____1__600x600.jpg","price":"1,93 €","price_unit":"(4,82 € / Kilo)","categories":["Supermercado","Lácteos","Yogures","Yogur soja","SOJASUN especialidad fresca de mandarina y lima pack 4 unidades 100 g"],"general_information":["Denominación del alimento: Postre de mandarina-lima.","Nombre del operador: Triballat España, S.L.","Dirección del operador: Calle Casas de Miravete, 24B. Edificio 3 Planta 3 Oficina 1. 28031 Madrid","Cantidad Neta: 400 g","Otras menciones obligatorias en la etiqueta: Soja no modificada genéticamente"],"ingredients":[" Bebida de soja 78% (agua, habas de soja 9%), pulpa de frutas 10% ( mandarina 8%, lima 2%), azúcar, fósfato de calcio, espesantes: harina de semillas de algarroba -   Pectina, aromas naturales de cítricos, regulador de acidez: citrato de sodio, zumo concentrado de limón, fermentos seleccionados."],"conservation":" Conservar entre +2°C y + 6°C","ean":"3273227483759"},{"full_name":"SOJASUN especialidad fresca de soja con pulpa de limón pack 4 unidades 100 g","name":"especialidad fresca de soja con pulpa de limón pack 4 unidades 100 g","brand":"SOJASUN ","img":"https://sgfm.elcorteingles.es/SGFM/dctm/MEDIA02/CONTENIDOS/201511/23/00118823300613____1__600x600.jpg","price":"1,86 €","price_unit":"(4,65 € / Kilo)","categories":["Supermercado","Lácteos","Yogures","Yogur soja","SOJASUN especialidad fresca de soja con pulpa de limón pack 4 unidades 100 g"],"general_information":["Denominación del alimento: Especialidad de soja fermentada, azucarada, con frutas, enriquecida con calcio. Limón.","Nombre del operador: Triballat España, S.L.","Dirección del operador: Calle Casas de Miravete, 24B. Edificio 3 Planta 3 Oficina 1. 28031 Madrid","Cantidad Neta: 400 g","Otras menciones obligatorias en la etiqueta: Soja no modificada genéticamente"],"ingredients":[" Bebida de soja 78% (agua, habas de soja 9%), limón 10% (zumo de limón, pulpa, cáscara), azúcar, fósfato de calcio, espesantes: harina de semillas de algarroba - pectina, aromas naturales, fermentos seleccionados."],"conservation":" Conservar entre +2°C y + 6°C","ean":"3273227483001"},{"full_name":"SOJASUN especialidad fresca de soja con pulpa de arándanos pack 4 envase 100 g","name":"especialidad fresca de soja con pulpa de arándanos pack 4 envase 100 g","brand":"SOJASUN ","img":"https://sgfm.elcorteingles.es/SGFM/dctm/MEDIA02/CONTENIDOS/201511/23/00118823300142____1__600x600.jpg","price":"1,86 €","price_unit":"(4,65 € / Kilo)","categories":["Supermercado","Lácteos","Yogures","Yogur soja","SOJASUN especialidad fresca de soja con pulpa de arándanos pack 4 envase 100 g"],"general_information":["Denominación del alimento: Especialidad de soja fermentada, azucarada, con frutas, enriquecida con calcio. Arándanos","Nombre del operador: Triballat España, S.L.","Dirección del operador: Calle Casas de Miravete, 24B. Edificio 3 Planta 3 Oficina 1. 28031 Madrid","Cantidad Neta: 400 g","Otras menciones obligatorias en la etiqueta: Soja no modificada genéticamente"],"ingredients":[" Bebida de soja 78% (agua, habas de soja 9%), azúcar, arándanos 9%, fósfato de calcio, zumo concentrado de arándanos, espesantes: harina de semillas de algarroba - Pectina, aroma natural, fermentos seleccionados."],"conservation":" Conservar entre +2°C y + 6°C","ean":"3273227483261"},{"full_name":"SOJASUN especialidad fresca de soja con trozos de higo y fibras pack 4 envase 100 g","name":"especialidad fresca de soja con trozos de higo y fibras pack 4 envase 100 g","brand":"SOJASUN ","img":"https://sgfm.elcorteingles.es/SGFM/dctm/MEDIA02/CONTENIDOS/201511/23/00118823300159____1__600x600.jpg","price":"1,93 €","price_unit":"(4,82 € / Kilo)","categories":["Supermercado","Lácteos","Yogures","Yogur soja","SOJASUN especialidad fresca de soja con trozos de higo y fibras pack 4 envase 100 g"],"general_information":["Denominación del alimento: Especialidad de soja fermentada, azucarada, con frutas, enriquecida con calcio. Higo.","Nombre del operador: Triballat España, S.L.","Dirección del operador: Calle Casas de Miravete, 24B. Edificio 3 Planta 3 Oficina 1. 28031 Madrid","Cantidad Neta: 400 g","Otras menciones obligatorias en la etiqueta: Soja no modificada genéticamente"],"ingredients":[" Bebida de soja 78% (agua, habas de soja 9%), higos 9%, azúcar, fructooligosacárido (fibras alimentarias), fósfato de calcio, espesantes: harina de semillas de algarroba  - pectina, zumo concentrado de limón, aroma natural,  fermentos seleccionados."],"conservation":" Conservar entre +2°C y + 6°C","ean":"3273227482257"},{"full_name":"SOJASUN especialidad de soja cremoso vainilla bourbon pack 4 unidades envase 100 g","name":"especialidad de soja cremoso vainilla bourbon pack 4 unidades envase 100 g","brand":"SOJASUN ","img":"https://sgfm.elcorteingles.es/SGFM/dctm/MEDIA02/CONTENIDOS/201512/10/00118823300761____1__600x600.jpg","price":"1,89 €","price_unit":"(4,72 € / Kilo)","categories":["Supermercado","Lácteos","Yogures","Yogur soja","SOJASUN especialidad de soja cremoso vainilla bourbon pack 4 unidades envase 100 g"],"general_information":["Denominación del alimento: Postre de soja","Nombre del operador: Triballat Noyal","Dirección del operador: BP 93106 - 35531 Noyal-sur-Vilaine Cedex - France","Cantidad Neta: 400 g","Otras menciones obligatorias en la etiqueta: Soja no modificada genéticamente."],"ingredients":[" Bebida de soja 85% (agua, habas de soja 7,5%), azúcar, espesantes: almidón transformado de maíz sin OGM - pectinas - carragenanos - harina de semillas de guar, aroma natural de vainilla Bourbon, fosfato de calcio, sal."],"conservation":" Consérvese en frío +2° / 8° C","ean":"3273227485616"},{"full_name":"SOJASUN especialidad fresca de soja con trozos de frutas y muesli pack 4 envase 100 g","name":"especialidad fresca de soja con trozos de frutas y muesli pack 4 envase 100 g","brand":"SOJASUN ","img":"https://sgfm.elcorteingles.es/SGFM/dctm/MEDIA02/CONTENIDOS/201511/23/00118823300175____1__600x600.jpg","price":"1,93 €","price_unit":"(19,30 € / Kilo)","categories":["Supermercado","Lácteos","Yogures","Yogur soja","SOJASUN especialidad fresca de soja con trozos de frutas y muesli pack 4 envase 100 g"],"general_information":["Denominación del alimento: Especialidad de soja fermentada, azucarada, con frutas, enriquecida con calcio. Muesli y frutas","Nombre del operador: Triballat España, S.L.","Dirección del operador: Calle Casas de Miravete, 24B. Edificio 3 Planta 3 Oficina 1. 28031 Madrid","Cantidad Neta: 400 g","Otras menciones obligatorias en la etiqueta: Soja no modificada genéticamente"],"ingredients":[" Bebida de soja 78% (agua, habas de soja 9%), frutos 8% (albaricoque, pera, plátano, manzana), azúcar moreno de caña, muesli 2.3% (uvas pasas, copos de avena, avellanas), oligofructosa, fósfato de calcio, espesantes: almidón transformado de mandioca - carragenanos, aroma, conservante de la fruta: sorbato de potasio,  fermentos seleccionados."],"conservation":" Conservar entre +2°C y + 6°C","ean":"3273227483254"},{"full_name":"SOJASUN especialidad fresca de soja con trozos de melocotón pack 4 unidades 100 g","name":"especialidad fresca de soja con trozos de melocotón pack 4 unidades 100 g","brand":"SOJASUN ","img":"https://sgfm.elcorteingles.es/SGFM/dctm/MEDIA02/CONTENIDOS/201511/23/00118823300670____2__600x600.jpg","price":"1,93 €","price_unit":"(4,82 € / Kilo)","categories":["Supermercado","Lácteos","Yogures","Yogur soja","SOJASUN especialidad fresca de soja con trozos de melocotón pack 4 unidades 100 g"],"general_information":["Denominación del alimento: Especialidad de soja fermentada, azucarada, con frutas, enriquecida con calcio. Melocotón.","Nombre del operador: Triballat España, S.L.","Dirección del operador: Calle Casas de Miravete, 24B. Edificio 3 Planta 3 Oficina 1. 28031 Madrid","Cantidad Neta: 400 g","Otras menciones obligatorias en la etiqueta: Soja no modificada genéticamente"],"ingredients":[" Bebida de soja 78% (agua, habas de soja 9%), melocotón 11%, azúcar, fósfato de calcio, espesantes: harina de semillas de algarroba .  Pectina, aroma natural, zumo concentrado de limón, fermentos seleccionados."],"conservation":" Conservar entre +2°C y + 6°C","ean":"3273227483483"},{"full_name":"SOJASUN Plaisir postre fresco a base de soja con chocolate pack 4 envase 100 g","name":"Plaisir postre fresco a base de soja con chocolate pack 4 envase 100 g","brand":"SOJASUN ","img":"https://sgfm.elcorteingles.es/SGFM/dctm/MEDIA02/CONTENIDOS/201511/23/00118823300191____2__600x600.jpg","price":"1,82 €","price_unit":"(4,55 € / Kilo)","categories":["Supermercado","Lácteos","Yogures","Yogur soja","SOJASUN Plaisir postre fresco a base de soja con chocolate pack 4 envase 100 g"],"general_information":["Denominación del alimento: Postre de soja con chocolate, enriquecido con soja","Nombre del operador: Triballat España, S.L.","Dirección del operador: Calle Casas de Miravete, 24B. Edificio 3 Planta 3 Oficina 1. 28031 Madrid","Cantidad Neta: 400 g","Otras menciones obligatorias en la etiqueta: soja no modificada genéticamente"],"ingredients":[" Bebida de soja 80% (agua, habas de soja 7.5%), azúcar, chocolate en polvo 3.5% (azúcar, cacao magro en polvo), espesantes: almidón transformado de maíz sin OGM - pectinas - carragenanos, cacao magro en polvo, fosfato de calcio, aroma natural de cacap y otros aromas naturales, sal."],"conservation":" Conservar entre +2°C y + 6°C","ean":"3273227485234"},{"full_name":"SOJASUN Plaisir postre fresco a base de soja sabor vainilla pack 4 envase 100 g","name":"Plaisir postre fresco a base de soja sabor vainilla pack 4 envase 100 g","brand":"SOJASUN ","img":"https://sgfm.elcorteingles.es/SGFM/00/20/9/0118823300209/0118823300209000g01011.jpg","price":"1,82 €","price_unit":"(4,55 € / Kilo)","categories":["Supermercado","Lácteos","Yogures","Yogur soja","SOJASUN Plaisir postre fresco a base de soja sabor vainilla pack 4 envase 100 g"],"general_information":["Denominación del alimento: Postre de soja , sabor vainilla, enriquecido con calcio.","Nombre del operador: Triballat España, S.L.","Dirección del operador: Calle Casas de Miravete, 24B. Edificio 3 Planta 3 Oficina 1. 28031 Madrid","Cantidad Neta: 400 g","Otras menciones obligatorias en la etiqueta: soja no modificada genéticamente"],"ingredients":[" Bebida de soja 85% (agua, habas de soja 7.5%), azúcar, espesantes: almidón transformado de maíz sin OGM - pectinas - carragenanos - harina de semillas de guar, aroma de vainilla, fosfato de calcio, sal."],"conservation":" Conservar entre +2°C y + 6°C","ean":"3273227485289"},{"full_name":"SOJASUN especialidad fresca de soja cremoso de chocolate intenso pack 4 unidades envases 100 g","name":"especialidad fresca de soja cremoso de chocolate intenso pack 4 unidades envases 100 g","brand":"SOJASUN ","img":"https://sgfm.elcorteingles.es/SGFM/dctm/MEDIA02/CONTENIDOS/201512/10/00118823300753____1__600x600.jpg","price":"1,89 €","price_unit":"(4,72 € / Kilo)","categories":["Supermercado","Lácteos","Yogures","Yogur soja","SOJASUN especialidad fresca de soja cremoso de chocolate intenso pack 4 unidades envases 100 g"],"general_information":["Denominación del alimento: Postre de soja","Nombre del operador: Triballat Noyal","Dirección del operador: BP 93106 - 35531 Noyal-sur-Vilaine Cedex - France","Cantidad Neta: 400 g","Otras menciones obligatorias en la etiqueta: Soja no modificada genéticamente."],"ingredients":[" Bebida de soja 80% (agua, habas de soja 7,5%), azúcar, cacao en polvo 3%, espesantes: almidón transformado de maíz sin OGM - pectinas - carragenanos, chocolate en polvo 2% (azúcar, cacao magro en polvo), cacao magro en polvo, fosfato de calcio, aroma natural de cacao, sal."],"conservation":" Consérvese en frío +2° / 8° C","ean":"3273227485609"},{"full_name":"SOJASUN especialidad fresca de soja con pulpa de mango y fruta de la pasión pack 4 envase 100 g","name":"especialidad fresca de soja con pulpa de mango y fruta de la pasión pack 4 envase 100 g","brand":"SOJASUN ","img":"https://sgfm.elcorteingles.es/SGFM/dctm/MEDIA02/CONTENIDOS/201511/23/00118823300100____1__600x600.jpg","price":"1,86 €","price_unit":"(4,65 € / Kilo)","categories":["Supermercado","Lácteos","Yogures","Yogur soja","SOJASUN especialidad fresca de soja con pulpa de mango y fruta de la pasión pack 4 envase 100 g"],"general_information":["Denominación del alimento: Especialidad de soja fermentada, azucarada, con frutas, enriquecida con calcio. Mango","Nombre del operador: Triballat España, S.L.","Dirección del operador: Calle Casas de Miravete, 24B. Edificio 3 Planta 3 Oficina 1. 28031 Madrid","Cantidad Neta: 400 g","Otras menciones obligatorias en la etiqueta: Soja no modificada genéticamente"],"ingredients":[" Bebida de soja 78% (agua, habas de soja 9%), mango (11%), azúcar, fósfato de calcio, espesantes: harina de semillas de algarroba - Pectina, aroma natural, zumo concentrado de limón, fermentos seleccionados."],"conservation":" Conservar entre +2°C y + 6°C","ean":"3273227482356"},{"full_name":"SOJASUN postre fresco a base de soja Plaisir con praliné pack 4 envase 100 g","name":"postre fresco a base de soja Plaisir con praliné pack 4 envase 100 g","brand":"SOJASUN ","img":"https://sgfm.elcorteingles.es/SGFM/dctm/MEDIA02/CONTENIDOS/201511/23/00118823300324____1__600x600.jpg","price":"1,89 €","price_unit":"(4,72 € / Kilo)","categories":["Supermercado","Lácteos","Yogures","Yogur soja","SOJASUN postre fresco a base de soja Plaisir con praliné pack 4 envase 100 g"],"general_information":["Denominación del alimento: Postre de soja, con avellanas y almendras, enriquecido con calcio,.","Nombre del operador: Triballat España, S.L.","Dirección del operador: Calle Casas de Miravete, 24B. Edificio 3 Planta 3 Oficina 1. 28031 Madrid","Cantidad Neta: 400 g","Otras menciones obligatorias en la etiqueta: soja no modificada genéticamente"],"ingredients":[" Bebida de soja 83% (agua, habas de soja 7.5%), azúcar, pasta de praliné 4% (azúcar, avellanas tostadas 1.2%, almendras tostadas 0.8%, aceite de almendra y de avellana),m espesantes: almidón transformado de maíz sin OGM - pectinas - carragenanos - harina de semillas de guar, aroma, fosfato de calcio, sal."],"conservation":" Conservar entre +2°C y + 6°C","ean":"3273227485302"},{"full_name":"VRAI especialidad de soja sabor arándanos pack 2 envase 125 g","name":"especialidad de soja sabor arándanos pack 2 envase 125 g","brand":"VRAI ","img":"https://sgfm.elcorteingles.es/SGFM/dctm/MEDIA03/201707/07/00118822400265____2__600x600.jpg","price":"1,68 €            ","price_unit":"(6,36 € / Kilo)","categories":["Supermercado","Lácteos","Yogures","Yogur soja","VRAI especialidad de soja sabor arándanos pack 2 envase 125 g"],"general_information":["Denominación del alimento: Especialidad de soja","Nombre del operador: Triballat Noyal","Dirección del operador: BP 93106 - 35531 Noyal-sur-Vilaine Cedex - France","Cantidad Neta: 250 g","Otras menciones obligatorias en la etiqueta: Agricultura Biológica. Certificado por FRBIO01"],"ingredients":[" Bebida de soja* 78% (agua, habas de soja descascarilladas* 9.2% (Francia)), arándanos* 10%, azúcar moreno de caña no refinado*, sirope de trigo sin gluten, espesantes: almidón de tapioca* - pectina - harina de semillas de algarroba - citrato de calcio, aroma natural*, fermentos activos seleccionados de los cuales Bífidus y Acidofilus. *De agricultura biológica."],"conservation":" Consérvese en frío + 2°C / 6 °C","ean":"3273227484794"},{"full_name":"KAIKU Sojavit natural pack 4 unidades 125 g","name":"Sojavit natural pack 4 unidades 125 g","brand":"KAIKU ","img":"https://sgfm.elcorteingles.es/SGFM/dctm/MEDIA03/201705/31/00118823300787____1__600x600.jpg","price":"2,08 €","price_unit":"(4,16 € / Kilo)","categories":["Supermercado","Lácteos","Yogures","Yogur soja","KAIKU Sojavit natural pack 4 unidades 125 g"],"general_information":["Denominación del alimento: Postre de soja desnatado fermentado azucarado.","País de origen: España","Nombre del operador: Kaiku Corporación Alimentaria S.L.","Dirección del operador: Paseo de Mikeletegi 55; 20009 San Sebatian (Guipuzcoa)","Cantidad Neta: 500 g","Número de raciones por envase: 4"],"ingredients":[" Preparado de soja (88%) (agua y concentrado de proteína de soja), azúcar (9,1%), almidón modificado, sales de calcio (fosfato tricálcico) y fermentos. Puede contener trazas de leche y frutos de cáscara."],"conservation":" Conservar en frío (entre 1°C y 8°C)","ean":"8410981040490"},{"full_name":"EL CORTE INGLES yogur bífidus natural desnatado pack 8 unidades 125 g","name":"yogur bífidus natural desnatado pack 8 unidades 125 g","brand":"EL CORTE INGLES ","img":"https://sgfm.elcorteingles.es/SGFM/dctm/MEDIA03/201610/05/00118823102589____1__600x600.jpg","price":"1,35 €","price_unit":"(1,35 € / Kilo)","categories":["Supermercado","Lácteos","Yogures","Bífidus","EL CORTE INGLES yogur bífidus natural desnatado pack 8 unidades 125 g"],"general_information":["Denominación del alimento: LECHE FERMENTADA NATURAL DESNATADA. CON BIFIDOBACTERIAS.","Nombre del operador: Elaborado para El Corte Inglés por\nL.N.P.L.R Guadalajara, S.L \nC /Hernán Cortés, s/n (Poligono Henares)\n 19180 Marchamalo (Guadalajara) - España","Cantidad Neta: 1000 g","Número de raciones por envase: 8.0"],"ingredients":[" INGREDIENTES:\n\nLeche desnatada, proteínas de leche y lactosa, fermentos lácticos y bifidobacterias."],"conservation":" Conservar en frio entre 1ºC y 8ºC","ean":"8433329067980"},{"full_name":"EL CORTE INGLES yogur bífidus con trozos de frutas 2 fresa + 2 pera + 2 ciruela + 2 higo pack 8 unidades 125 g","name":"yogur bífidus con trozos de frutas 2 fresa + 2 pera + 2 ciruela + 2 higo pack 8 unidades 125 g","brand":"EL CORTE INGLES ","img":"https://sgfm.elcorteingles.es/SGFM/dctm/MEDIA03/201702/02/00118823102647____7__600x600.jpg","price":"2,04 €","price_unit":"(2,04 € / Kilo)","categories":["Supermercado","Lácteos","Yogures","Bífidus","EL CORTE INGLES yogur bífidus con trozos de frutas 2 fresa + 2 pera + 2 ciruela + 2 higo pack 8 unidades 125 g"],"general_information":["Denominación del alimento: LECHE FERMENTADA AZUCARADA CON FRUTAS Y BIFIDOBACTERIAS","Nombre del operador: Distribuido para El Corte Inglés por\nL.N.P.L.R.I. S.A\nAv. de la Fama, 16-20 \n08940 Cornellà de Llobregat (Barcelona) - España","Cantidad Neta: 1000 g","Número de raciones por envase: 8"],"ingredients":[" Ingredientes:\n\nLeche entera, fruta (fresa (13,5%), pera (11%), ciruela (10%), higo (7%)), azúcar, agua, leche desnatada en polvo, almidón modificado (E 1442), jarabe de glucosa y fructosa, espesantes (E 407, E 415, E 440), aromas, correctores de acidez (E 330, E 331, E 341), zumo concentrado de saúco, colorantes (E 120, E 161b), fermentos lácticos, bifidobacterias."],"conservation":" Conservar en frio entre 1ºC y 8ºC","ean":"8433329068000"},{"full_name":"EL CORTE INGLES yogur bífidus con frutas desnatado 2 fresa + 2 piña + 2 ciruela + 2 frutas del bosque pack 8 unidades 125 g","name":"yogur bífidus con frutas desnatado 2 fresa + 2 piña + 2 ciruela   ","brand":"EL CORTE INGLES ","img":"https://sgfm.elcorteingles.es/SGFM/dctm/MEDIA03/201701/04/00118823102621____6__600x600.jpg","price":"2,05 €","price_unit":"(2,05 € / Kilo)","categories":["Supermercado","Lácteos","Yogures","Bífidus","EL CORTE INGLES yogur bífidus con frutas desnatado 2 fresa + 2 piña + 2 ciruela + 2 frutas del bosque pack 8 unidades 125 g"],"general_information":["Denominación del alimento: LECHE FERMENTADA DESNATADA EDULCORADA CON FRUTAS Y BIFIDOBACTERIAS","Nombre del operador: Distribuido para El Corte Inglés por\nL.N.P.L.R.I. S.A\nAv. de la Fama, 16-20 \n08940 Cornellà de Llobregat (Barcelona) - España","Cantidad Neta: 1000 g","Número de raciones por envase: 8.0"],"ingredients":[" INGREDIENTES:\n\nLeche desnatada, frutas (8%) (fresa, frutas del bosque (fresa, arándanos, mora), piña, ciruelas pasas), proteínas de leche y lactosa, jarabe de fructosa, oligofructosa,  almidones modificados de tapioca y yuca, espesantes (pectinas, goma guar, carragenanos), aromas, edulcorantes (aspartamo*, acesulfamo K), correctores de acidez (ácido cítrico, citrato trisódico, citrato tricálcico), colorantes (antocianinas, rojo de remolacha, carmines, riboflavinas), fermentos lácticos (con bifidobacterias).\n\n*Contiene una fuente de fenilalanina.\nCONTIENE AZÚCARES NATURALMENTE PRESENTES."],"conservation":" Conservar en frio entre 1ºC y 8ºC","ean":"8433329067997"},{"full_name":"DANONE ACTIVIA yogur natural azucarado pack 8 unidades 125 g","name":"yogur natural azucarado pack 8 unidades 125 g","brand":"DANONE ACTIVIA ","img":"https://sgfm.elcorteingles.es/SGFM/dctm/MEDIA03/201706/23/00118823101854____7__600x600.jpg","price":"2,99 €            ","price_unit":"(2,79 € / Kilo)","categories":["Supermercado","Lácteos","Yogures","Bífidus","DANONE ACTIVIA yogur natural azucarado pack 8 unidades 125 g"],"general_information":["Denominación del alimento: Leche fermentada con bífidus actiregularis. Natural azucarado.","Nombre del operador: Danone S.A.","Dirección del operador: Buenos Aires, 21 - 08029 BARCELONA","Cantidad Neta: 1000 g","Número de raciones por envase: 8"],"ingredients":[" Leche, azúcar (8,1%), leche en polvo desnatada, bifidobacterias y otros fermentos lácticos activos"],"conservation":" Consérvese en frío entre 2°C y 6°C","ean":"8410500014780"},{"full_name":"DANONE ACTIVIA yogur natural pack 8 unidades 125 g","name":"yogur natural pack 8 unidades 125 g","brand":"DANONE ACTIVIA ","img":"https://sgfm.elcorteingles.es/SGFM/dctm/MEDIA03/201706/23/00118823101490____7__600x600.jpg","price":"2,99 €            ","price_unit":"(2,79 € / Kilo)","categories":["Supermercado","Lácteos","Yogures","Bífidus","DANONE ACTIVIA yogur natural pack 8 unidades 125 g"],"general_information":["Denominación del alimento: Leche fermentada natural con bífidus actiregularis.","Nombre del operador: Danone S.A.","Dirección del operador: Buenos Aires, 21 - 08029 BARCELONA","Cantidad Neta: 1000 g","Número de raciones por envase: 8"],"ingredients":[" Leche, nata, leche en polvo desnatada, bifidobacterias y otros fermentos lácticos activos"],"conservation":" Consérvese en frío entre 2°C y 6°C","ean":"8410500007287"},{"full_name":"DANONE ACTIVIA yogur natural desnatado 0% materia grasa pack 8 unidades 125 g","name":"yogur natural desnatado 0% materia grasa pack 8 unidades 125 g","brand":"DANONE ACTIVIA ","img":"https://sgfm.elcorteingles.es/SGFM/dctm/MEDIA03/201706/23/00118823101524____7__600x600.jpg","price":"2,99 €            ","price_unit":"(2,79 € / Kilo)","categories":["Supermercado","Lácteos","Yogures","Bífidus","DANONE ACTIVIA yogur natural desnatado 0% materia grasa pack 8 unidades 125 g"],"general_information":["Denominación del alimento: Leche fermentada desnatada con bífidus actiregularis. Natural.","Nombre del operador: Danone S.A.","Dirección del operador: Buenos Aires, 21 - 08029 BARCELONA","Cantidad Neta: 1000 g","Número de raciones por envase: 8"],"ingredients":[" Leche desnatada, leche en polvo, bifidobacterias y otros fermentos lácticos activos y gelatina."],"conservation":" Consérvese en frío entre 2°C y 6°C","ean":"8410500008871"},{"full_name":"DANONE ACTIVIA yogur natural edulcorado desnatado 0% Materia Grasa pack 8 unidades 125 g","name":"yogur natural edulcorado desnatado 0% Materia Grasa pack 8 unidades 125 g","brand":"DANONE ACTIVIA ","img":"https://sgfm.elcorteingles.es/SGFM/dctm/MEDIA03/201706/23/00118823101763____8__600x600.jpg","price":"2,99 €            ","price_unit":"(2,79 € / Kilo)","categories":["Supermercado","Lácteos","Yogures","Bífidus","DANONE ACTIVIA yogur natural edulcorado desnatado 0% Materia Grasa pack 8 unidades 125 g"],"general_information":["Denominación del alimento: Leche fermentada desnatada natural con bífidus actiregularis. Con azúcares (fructosa) y edulcorantes.","Nombre del operador: Danone S.A.","Dirección del operador: Buenos Aires, 21 - 08029 BARCELONA","Cantidad Neta: 1000 g","Número de raciones por envase: 8"],"ingredients":[" Leche desnatada, fructosa (2,4%), leche en polvo, bifidobacterias y otros fermentos lácticos activos, gelatina y edulcorantes (acesulfamo K y sucralosa)"],"conservation":" Consérvese en frío entre 2°C y 6°C","ean":"8410500014421"},{"full_name":"DANONE ACTIVIA yogur natural azucarado pack 4 unidad 125 g","name":"yogur natural azucarado pack 4 unidad 125 g","brand":"DANONE ACTIVIA ","img":"https://sgfm.elcorteingles.es/SGFM/dctm/MEDIA03/201706/23/00118823101623____7__600x600.jpg","price":"1,79 €","price_unit":"(3,58 € / Kilo)","categories":["Supermercado","Lácteos","Yogures","Bífidus","DANONE ACTIVIA yogur natural azucarado pack 4 unidad 125 g"],"general_information":["Denominación del alimento: Leche fermentada con bífidus actiregularis. Natural azucarado.","Nombre del operador: Danone S.A.","Dirección del operador: Buenos Aires, 21 - 08029 BARCELONA","Cantidad Neta: 500 g","Número de raciones por envase: 4"],"ingredients":[" Leche, azúcar (8,1%), leche en polvo desnatada, bifidobacterias y otros fermentos lácticos activos"],"conservation":" Consérvese en frío entre 2°C y 6°C","ean":"8410500010911"},{"full_name":"DANONE ACTIVIA yogur natural pack 4 unidades 125 g","name":"yogur natural pack 4 unidades 125 g","brand":"DANONE ACTIVIA ","img":"https://sgfm.elcorteingles.es/SGFM/dctm/MEDIA03/201608/31/00118823101359____2__600x600.jpg","price":"1,79 €","price_unit":"(14,32 € / Kilo)","categories":["Supermercado","Lácteos","Yogures","Bífidus","DANONE ACTIVIA yogur natural pack 4 unidades 125 g"],"general_information":["Denominación del alimento: Leche fermentada con bífidus actiregularis.","Nombre del operador: ILTESA","Dirección del operador: Av. Bravo Murillo, 3  Bloque B - 1ª planta, 38003 Santa Cruz de Tenerife","Cantidad Neta: 500 g","Número de raciones por envase: 4"],"ingredients":[" Leche desnatada rehidratada, nata, bifidobacterias y otros fermentos lácticos activos y gelatina. Puede contener trazas de cereales (gluten menos de 3ppm) y frutos de cáscara."],"conservation":" Consérvese en frío entre 2°C y 6°C","ean":"8410500001438"},{"full_name":"DANONE ACTIVIA yogur natural edulcorado desnatado sin lactosa 0% pack 4 unidades 120 g","name":"yogur natural edulcorado desnatado sin lactosa 0% pack 4 unidades 120 g","brand":"DANONE ACTIVIA ","img":"https://sgfm.elcorteingles.es/SGFM/dctm/MEDIA03/201706/23/00118823102738____6__600x600.jpg","price":"1,99 €","price_unit":"(4,15 € / Kilo)","categories":["Supermercado","Lácteos","Yogures","Bífidus","DANONE ACTIVIA yogur natural edulcorado desnatado sin lactosa 0% pack 4 unidades 120 g"],"general_information":["Denominación del alimento: Leche fermentada desnatada edulcorada con bifidus actiregularis y sin lactosa. Con edulcorantes.","Nombre del operador: Danone S.A","Dirección del operador: Buenos Aires, 21 - 08029 BARCELONA","Cantidad Neta: 480 g","Número de raciones por envase: 4","Otras menciones obligatorias en la etiqueta: Contenido en lactosa <0,01%."],"ingredients":[" Leche pasteurizada desnatada, leche pasteurizada, leche en polvo desnatada rehidratada, proteínas de la leche, enzima lactasa, fibra (polidextrosa), bifidobacterias y fermentos lácticos activos y edulcorantes (acesulfamo K y sucralosa)."],"conservation":" Consérvese en frío entre 2°C y 6°C","ean":"8410500020804"},{"full_name":"DANONE ACTIVIA yogur natural desnatado 0% materia grasa pack 4 unidades 125 g","name":"yogur natural desnatado 0% materia grasa pack 4 unidades 125 g","brand":"DANONE ACTIVIA ","img":"https://sgfm.elcorteingles.es/SGFM/dctm/MEDIA03/201706/23/00118823101367____12__600x600.jpg","price":"1,79 €","price_unit":"(3,58 € / Kilo)","categories":["Supermercado","Lácteos","Yogures","Bífidus","DANONE ACTIVIA yogur natural desnatado 0% materia grasa pack 4 unidades 125 g"],"general_information":["Denominación del alimento: Leche fermentada desnatada con bífidus actiregularis. Natural.","Nombre del operador: Danone S.A.","Dirección del operador: Buenos Aires, 21 - 08029 BARCELONA","Cantidad Neta: 500 g","Número de raciones por envase: 4"],"ingredients":[" Leche desnatada, leche en polvo, bifidobacterias y otros fermentos lácticos activos y gelatina."],"conservation":" Consérvese en frío entre 2°C y 6°C","ean":"8410500002961"},{"full_name":"DANONE ACTIVIA yogur desnatado natural edulcorado 0% materia grasa pack 4 unidades 125 g","name":"yogur desnatado natural edulcorado 0% materia grasa pack 4 unidades 125 g","brand":"DANONE ACTIVIA ","img":"https://sgfm.elcorteingles.es/SGFM/dctm/MEDIA03/201706/23/00118823101664____7__600x600.jpg","price":"1,79 €","price_unit":"(3,58 € / Kilo)","categories":["Supermercado","Lácteos","Yogures","Bífidus","DANONE ACTIVIA yogur desnatado natural edulcorado 0% materia grasa pack 4 unidades 125 g"],"general_information":["Denominación del alimento: Leche fermentada desnatada natural con bífidus actiregularis. Con azúcares (fructosa) y edulcorantes.","Nombre del operador: Danone S.A.","Dirección del operador: Buenos Aires, 21 - 08029 BARCELONA","Cantidad Neta: 500 g","Número de raciones por envase: 4"],"ingredients":[" Leche desnatada, fructosa (2,4%), leche en polvo, bifidobacterias y otros fermentos lácticos activos, gelatina y edulcorantes (acesulfamo K y sucralosa)"],"conservation":" Consérvese en frío entre 2°C y 6°C","ean":"8410500012120"},{"full_name":"DANONE ACTIVIA yogur desnatado con kiwi 0% pack 4 unidades 125 g + yogur desnatado con piña pack 4 unidades 125 g","name":"yogur desnatado con kiwi 0% pack 4 unidades 125 g + yogur desnatado con piña pack 4 unidades 125 g","brand":"DANONE ACTIVIA ","img":"https://sgfm.elcorteingles.es/SGFM/dctm/MEDIA03/201706/23/00118823100476____13__600x600.jpg","price":"3,35 €","price_unit":"(26,80 € / Kilo)","categories":["Supermercado","Lácteos","Yogures","Bífidus","DANONE ACTIVIA yogur desnatado con kiwi 0% pack 4 unidades 125 g + yogur desnatado con piña pack 4 unidades 125 g"],"general_information":["Denominación del alimento: Activia KIWI 0% M.G. : Leche fermentada desnatada con kiwi y bifidus actiregularis. Con azúcares y edulcorantes. / Activia PIÑA 0% M.G. : Leche fermentada desnatada con piña y bifidus actiregularis. Con azúcar (fructosa) y edulcorantes.","Nombre del operador: Danone S.A.","Dirección del operador: Buenos Aires, 21 - 08029 BARCELONA","Cantidad Neta: 1000 g","Número de raciones por envase: 8"],"ingredients":[" Activia KIWI 0% M.G. : Leche pasteurizada desnatada, kiwi (9,5%), leche en polvo desnatada rehidratada, proteínas de la leche, nata pasteurizada, fructosa, bifidobacterias y fermentos lácticos activos, edulcorantes (acesulfamo K y sucralosa) y aroma.Puede contener trazas de cereales (gluten menos de 3ppm) y frutos de cáscara.Activia PIÑA 0% M.G. : Leche pasteurizada desnatada, piña (9,3%), leche en polvo desnatada rehidratada, proteínas de la leche, nata pasteurizada, fructosa, bifidobacterias y fermentos lácticos activos, edulcorantes (acesulfamo K y sucralosa) y aroma.Puede contener trazas de cereales (gluten menos de 3ppm) y frutos de cáscara."],"conservation":" Consérvese en frío entre 2°C y 6°C","ean":"8410500012960"},{"full_name":"DANONE ACTIVIA yogur con fresas pack 4 unidades 125 g","name":"yogur con fresas pack 4 unidades 125 g","brand":"DANONE ACTIVIA ","img":"https://sgfm.elcorteingles.es/SGFM/dctm/MEDIA03/201706/23/00118823101383____12__600x600.jpg","price":"1,99 €","price_unit":"(3,98 € / Kilo)","categories":["Supermercado","Lácteos","Yogures","Bífidus","DANONE ACTIVIA yogur con fresas pack 4 unidades 125 g"],"general_information":["Denominación del alimento: Leche fermentada con bífidus. Con fresa.","Nombre del operador: Danone Produits Frais France","Dirección del operador: 2, Avenue de l'Industrie, 32730 Villecomtal sur Arros, France","Cantidad Neta: 500 g","Número de raciones por envase: 4"],"ingredients":[" Leche pasteurizada, fresa (8,3%), azúcar, leche concentrada, nata pasteurizada, bifidobacterias y fermentos lácticos activos, zumo concentrado de zanahoria negra y aroma."],"conservation":" Consérvese en frío entre 2°C y 6°C","ean":"8410500001001"},{"full_name":"DANONE ACTIVIA yogur con sabor a frutos del bosque pack 4 unidades 125 g","name":"yogur con sabor a frutos del bosque pack 4 unidades 125 g","brand":"DANONE ACTIVIA ","img":"https://sgfm.elcorteingles.es/SGFM/dctm/MEDIA03/201706/23/00118823101375____12__600x600.jpg","price":"1,99 €","price_unit":"(3,98 € / Kilo)","categories":["Supermercado","Lácteos","Yogures","Bífidus","DANONE ACTIVIA yogur con sabor a frutos del bosque pack 4 unidades 125 g"],"general_information":["Denominación del alimento: Leche fermentada con bífidus. Con frutas del bosque .","Nombre del operador: ILTESA","Dirección del operador: Av. Bravo Murillo, 3  Bloque B - 1ª planta, 38003 Santa Cruz de Tenerife","Cantidad Neta: 500 g","Número de raciones por envase: 4"],"ingredients":[" Leche desnatada rehidratada, frutas 8% (fresas, grosellas, arándanos, moras, cerezas y frambuesas), azúcar, nata, bifidobacterias y fermentos lácticos activos, concentrado de zanahoria y saúco, aroma y conservante de la fruta (E 202).Puede contener trazas de cereales (gluten menos de 3ppm) y frutos de cáscara."],"conservation":" Consérvese en frío entre 2°C y 6°C","ean":"8410500001575"},{"full_name":"DANONE ACTIVIA yogur con mango pack 4 unidades 125 g","name":"yogur con mango pack 4 unidades 125 g","brand":"DANONE ACTIVIA ","img":"https://sgfm.elcorteingles.es/SGFM/dctm/MEDIA03/201706/23/00118823101631____12__600x600.jpg","price":"1,99 €","price_unit":"(3,98 € / Kilo)","categories":["Supermercado","Lácteos","Yogures","Bífidus","DANONE ACTIVIA yogur con mango pack 4 unidades 125 g"],"general_information":["Denominación del alimento: Leche fermentada con bifidus actiregularis. Con mango.","Nombre del operador: Danone S.A.","Dirección del operador: Buenos Aires, 21 - 08029 BARCELONA","Cantidad Neta: 500 g","Número de raciones por envase: 4"],"ingredients":[" Leche mango (8,3%), azúcar, leche en polvo desnatada, nata, bifidobacterias y otros fermentos lácticos activos, colorante natural (concentrado de zanahoria y calabaza) y aroma.Puede contener trazas de cereales (gluten menos de 3ppm) y frutos de cáscara."],"conservation":" Consérvese en frío entre 2°C y 6°C","ean":"8410500011147"},{"full_name":"DANONE ACTIVIA yogur con pera pack 4 unidades 125 g","name":"yogur con pera pack 4 unidades 125 g","brand":"DANONE ACTIVIA ","img":"https://sgfm.elcorteingles.es/SGFM/dctm/MEDIA03/201706/23/00118823101532____12__600x600.jpg","price":"1,99 €","price_unit":"(3,98 € / Kilo)","categories":["Supermercado","Lácteos","Yogures","Bífidus","DANONE ACTIVIA yogur con pera pack 4 unidades 125 g"],"general_information":["Denominación del alimento: Leche fermentada con bífidus. Con pera.","Nombre del operador: Danone Produits Frais France","Dirección del operador: 2, Avenue de l'Industrie, 32730 Villecomtal sur Arros, France","Cantidad Neta: 500 g","Número de raciones por envase: 4"],"ingredients":[" Leche pasteurizada, pera (8%), azúcar, leche concentrada, nata pasteurizada, bifidobacterias y fermentos lácticos activos y aroma."],"conservation":" Consérvese en frío entre 2°C y 6°C","ean":"8410500008376"},{"full_name":"DANONE ACTIVIA yogur cremoso sabor lima-limón pack 4 unidades 120 g","name":"yogur cremoso sabor lima-limón pack 4 unidades 120 g","brand":"DANONE ACTIVIA ","img":"https://sgfm.elcorteingles.es/SGFM/dctm/MEDIA03/201706/23/00118823102076____6__600x600.jpg","price":"1,79 €","price_unit":"(3,73 € / Kilo)","categories":["Supermercado","Lácteos","Yogures","Bífidus","DANONE ACTIVIA yogur cremoso sabor lima-limón pack 4 unidades 120 g"],"general_information":["Denominación del alimento: Leche fermentada con bifidus actiregularis. Con limón y lima.","Nombre del operador: ILTESA","Dirección del operador: Av. Bravo Murillo, 3  Bloque B - 1ª planta, 38003 Santa Cruz de Tenerife","Cantidad Neta: 480 g","Número de raciones por envase: 4"],"ingredients":[" Leche desnatada rehidratada, azúcar, nata, limón (1,7%), lima (0,2%), bifidobacterias y otros fermentos lácticos activos, conservante (E-202), colorante natural (curcumina) y aromas.Puede contener trazas de cereales (gluten menos de 3ppm) y frutos con cáscara."],"conservation":" Consérvese en frío entre 2°C y 6°C","ean":"8410500017712"},{"full_name":"DANONE ACTIVIA yogur cremosos de vainilla de Madagascar pack 4 unidades 120 g","name":"yogur cremosos de vainilla de Madagascar pack 4 unidades 120 g","brand":"DANONE ACTIVIA ","img":"https://sgfm.elcorteingles.es/SGFM/dctm/MEDIA03/201706/23/00118823102423____7__600x600.jpg","price":"1,79 €","price_unit":"(3,73 € / Kilo)","categories":["Supermercado","Lácteos","Yogures","Bífidus","DANONE ACTIVIA yogur cremosos de vainilla de Madagascar pack 4 unidades 120 g"],"general_information":["Denominación del alimento: Leche fermentada desnatada con bifidus actiregularis con azúcares (fructosa) y edulcorantes. Sabor a vainilla.","Nombre del operador: ILTESA","Dirección del operador: Av. Bravo Murillo, 3  Bloque B - 1ª planta, 38003 Santa Cruz de Tenerife","Cantidad Neta: 480 g","Número de raciones por envase: 4"],"ingredients":[" Leche desnatada rehidratada pasteurizada, oligofructosa, fructosa (0,5%), bifidobacterias y otros fermentos lácticos activos, aromas, edulcorantes (acesulfamo K y sucralosa), vaina de vainilla en polvo, conservante (E-202) y colorantes (carotenos y riboflavina)"],"conservation":" Consérvese en frío entre 2°C y 6°C","ean":"8410500019587"},{"full_name":"DANONE ACTIVIA yogur cremoso 0% materia grasa sabor mango pack 4 unidades 120 g","name":"yogur cremoso 0% materia grasa sabor mango pack 4 unidades 120 g","brand":"DANONE ACTIVIA ","img":"https://sgfm.elcorteingles.es/SGFM/dctm/MEDIA03/201706/23/00118823102068____6__600x600.jpg","price":"1,79 €","price_unit":"(3,73 € / Kilo)","categories":["Supermercado","Lácteos","Yogures","Bífidus","DANONE ACTIVIA yogur cremoso 0% materia grasa sabor mango pack 4 unidades 120 g"],"general_information":["Denominación del alimento: Leche fermentada desnatada con bifidus actiregularis con azúcares (fructosa) y edulcorantes. Sabor a mango.","Nombre del operador: ILTESA","Dirección del operador: Av. Bravo Murillo, 3  Bloque B - 1ª planta, 38003 Santa Cruz de Tenerife","Cantidad Neta: 480 g","Número de raciones por envase: 4"],"ingredients":[" Leche desnatada rehidratada, fructosa (1,8%), bifidobacterias y otros fermentos lácticos activos, edulcorantes (acesulfamo K y sucralosa), conservante (E-202), aroma y colorante (páprika)"],"conservation":" Consérvese en frío entre 2°C y 6°C","ean":"8410500017705"},{"full_name":"DANONE ACTIVIA yogur cremoso 0% materia grasa sabor frutas silvestres pack 4 unidades 120 g","name":"yogur cremoso 0% materia grasa sabor frutas silvestres pack 4 unidades 120 g","brand":"DANONE ACTIVIA ","img":"https://sgfm.elcorteingles.es/SGFM/dctm/MEDIA03/201706/23/00118823102050____6__600x600.jpg","price":"1,79 €","price_unit":"(3,73 € / Kilo)","categories":["Supermercado","Lácteos","Yogures","Bífidus","DANONE ACTIVIA yogur cremoso 0% materia grasa sabor frutas silvestres pack 4 unidades 120 g"],"general_information":["Denominación del alimento: Leche fermentada desnatada con  bífidus actiregularis con edulcorantes  y fructosa. Sabor a frutos silvestres.","Nombre del operador: ILTESA","Dirección del operador: Av. Bravo Murillo, 3  Bloque B - 1ª planta, 38003 Santa Cruz de Tenerife","Cantidad Neta: 480 g","Número de raciones por envase: 4"],"ingredients":[" Leche desnatada, leche en polvo desnatada, fructosa (1,8%), proteínas de leche, bifidobacterias y otros fermentos lácticos activos, edulcorantes (acesulfamo K y sucralosa), aromas y colorantes naturales (concentado de uvas y antocianinas)"],"conservation":" Consérvese en frío entre 2°C y 6°C","ean":"8410500017699"},{"full_name":"DANONE ACTIVIA yogur cremoso sabor cocktail de frutas 0% de materia grasa pack 4 unidades 120 g","name":"yogur cremoso sabor cocktail de frutas 0% de materia grasa pack 4 unidades 120 g","brand":"DANONE ACTIVIA ","img":"https://sgfm.elcorteingles.es/SGFM/dctm/MEDIA03/201706/23/00118823102464____7__600x600.jpg","price":"1,79 €","price_unit":"(3,73 € / Kilo)","categories":["Supermercado","Lácteos","Yogures","Bífidus","DANONE ACTIVIA yogur cremoso sabor cocktail de frutas 0% de materia grasa pack 4 unidades 120 g"],"general_information":["Denominación del alimento: Leche fermentada desnatada con bifidus actiregularis y con fresa, piña y naranja. Con azúcares (fructosa) y edulcorantes.","Nombre del operador: ILTESA","Dirección del operador: Av. Bravo Murillo, 3  Bloque B - 1ª planta, 38003 Santa Cruz de Tenerife","Cantidad Neta: 480 g","Número de raciones por envase: 4"],"ingredients":[" Leche desnatada pasteurizada, proteínas de la leche, fructosa, leche en polvo desnatada, pulpas de fresa (0,7%) y piña (0,7%) concentradas rehidratadas, zumo concentrado rehidratado de naranja (0,7%), bifidobacterias y fermentos lácticos activos, colorantes (carotenos y luteína), aromas, edulcorantes (acesulfamo K y sucralosa) y concentrado de zanahoria negra."],"conservation":" Consérvese en frío entre 2°C y 6°C","ean":"8410500019846"},{"full_name":"DANONE ACTIVIA yogur desnatado con ciruelas 0% materia grasa pack 4 unidades 125 g","name":"yogur desnatado con ciruelas 0% materia grasa pack 4 unidades 125 g","brand":"DANONE ACTIVIA ","img":"https://sgfm.elcorteingles.es/SGFM/dctm/MEDIA03/201706/23/00118823101433____12__600x600.jpg","price":"1,99 €","price_unit":"(3,98 € / Kilo)","categories":["Supermercado","Lácteos","Yogures","Bífidus","DANONE ACTIVIA yogur desnatado con ciruelas 0% materia grasa pack 4 unidades 125 g"],"general_information":["Denominación del alimento: Leche fermentada desnatada edulcorada con  bífidus actiregularis. Con ciruelas y  fructuosa.","Nombre del operador: ILTESA","Dirección del operador: Av. Bravo Murillo, 3  Bloque B - 1ª planta, 38003 Santa Cruz de Tenerife","Cantidad Neta: 500 g","Número de raciones por envase: 4"],"ingredients":[" Leche desnatada rehidratada, ciruelas (10%), fructosa, bifidobacterias y fermentos lácticos activos, edulcorantes (acesulfamo K y sucralosa), aromas y conservante de la fruta (E 202).Puede contener trazas de cereales (gluten menos de 3ppm) y frutos con cáscara."],"conservation":" Consérvese en frío entre 2°C y 6°C","ean":"8410500003647"},{"full_name":"DANONE ACTIVIA yogur desnatado con kiwi 0% materia grasa pack 4 unidades 125 g","name":"yogur desnatado con kiwi 0% materia grasa pack 4 unidades 125 g","brand":"DANONE ACTIVIA ","img":"https://sgfm.elcorteingles.es/SGFM/dctm/MEDIA03/201706/23/00118823101458____12__600x600.jpg","price":"1,99 €","price_unit":"(3,98 € / Kilo)","categories":["Supermercado","Lácteos","Yogures","Bífidus","DANONE ACTIVIA yogur desnatado con kiwi 0% materia grasa pack 4 unidades 125 g"],"general_information":["Denominación del alimento: Leche fermentada desnatada edulcorada con bífidus actiregularis. Con  kiwi y fructuosa.","Nombre del operador: ILTESA","Dirección del operador: Av. Bravo Murillo, 3  Bloque B - 1ª planta, 38003 Santa Cruz de Tenerife","Cantidad Neta: 500 g","Número de raciones por envase: 4"],"ingredients":[" Leche desnatada rehidratada, kiwi (9,5%), fructosa, bifidobacterias y fermentos lácticos activos, edulcorantes (acesulfamo K y sucralosa), aroma y conservante de la fruta (E 202).Puede contener trazas de cereales (gluten menos de 3ppm) y frutos con cáscara."],"conservation":" Consérvese en frío entre 2°C y 6°C","ean":"8410500007812"},{"full_name":"DANONE ACTIVIA yogur con lima y limón desnatado 0% pack 4 unidades 125 g","name":"yogur con lima y limón desnatado 0% pack 4 unidades 125 g","brand":"DANONE ACTIVIA ","img":"https://sgfm.elcorteingles.es/SGFM/dctm/MEDIA03/201706/23/00118823102662____11__600x600.jpg","price":"1,99 €","price_unit":"(3,98 € / Kilo)","categories":["Supermercado","Lácteos","Yogures","Bífidus","DANONE ACTIVIA yogur con lima y limón desnatado 0% pack 4 unidades 125 g"],"general_information":["Denominación del alimento: Leche fermentada desnatada con lima y limón y bifidus actiregularis. Con azúcar (fructosa) y edulcorantes.","Nombre del operador: Danone S.A.","Dirección del operador: Buenos Aires, 21 - 08029 BARCELONA","Cantidad Neta: 500 g","Número de raciones por envase: 4"],"ingredients":[" Leche pasteurizada desnatada, limón (5%), zumo de lima (1%) proveniente de concentrado, leche en polvo desnatada rehidratada, proteínas de la leche, nata pasteurizada, fructosa, bifidobacterias y fermentos lácticos activos, edulcorantes (acesulfamo K y sucralosa) y aroma.Puede contener trazas de cereales (gluten menos de 3ppm) y frutos de cáscara."],"conservation":" Consérvese en frío entre 2°C y 6°C","ean":"8410500020620"},{"full_name":"DANONE ACTIVIA yogur desnatado con frutos rojos 0% materia grasa pack 4 unidades 125 g","name":"yogur desnatado con frutos rojos 0% materia grasa pack 4 unidades 125 g","brand":"DANONE ACTIVIA ","img":"https://sgfm.elcorteingles.es/SGFM/dctm/MEDIA03/201706/23/00118823101813____12__600x600.jpg","price":"1,99 €","price_unit":"(3,98 € / Kilo)","categories":["Supermercado","Lácteos","Yogures","Bífidus","DANONE ACTIVIA yogur desnatado con frutos rojos 0% materia grasa pack 4 unidades 125 g"],"general_information":["Denominación del alimento: Leche fermentada desnatada con frutos rojos y bifidus actiregularis. Con azúcar (fructosa) y edulcorantes.","Nombre del operador: Danone S.A.","Dirección del operador: Buenos Aires, 21 - 08029 BARCELONA","Cantidad Neta: 500 g","Número de raciones por envase: 4"],"ingredients":[" Leche pasteurizada desnatada, frutos rojos (8%) [fresas, grosellas y frambuesas], leche en polvo desnatada rehidratada, proteínas de la leche, nata pasteurizada, fructosa, bifidobacterias y fermentos lácticos activos, edulcorantes (acesulfamo K y sucralosa), aroma y concentrado de zanahoria negra.Puede contener trazas de cereales (gluten menos de 3ppm) y frutos de cáscara."],"conservation":" Consérvese en frío entre 2°C y 6°C","ean":"8410500009670"},{"full_name":"DANONE ACTIVIA yogur con kiwi 0% materia grasa sin lactosa pack 4 unidades 120 g","name":"yogur con kiwi 0% materia grasa sin lactosa pack 4 unidades 120 g","brand":"DANONE ACTIVIA ","img":"https://sgfm.elcorteingles.es/SGFM/dctm/MEDIA03/201706/23/00118823102712____6__600x600.jpg","price":"1,99 €","price_unit":"(4,15 € / Kilo)","categories":["Supermercado","Lácteos","Yogures","Bífidus","DANONE ACTIVIA yogur con kiwi 0% materia grasa sin lactosa pack 4 unidades 120 g"],"general_information":["Denominación del alimento: Leche fermentada desnatada con kiwi y bifidus actiregularis y sin lactosa. Con azúcar (fructosa) y edulcorantes.","Nombre del operador: Danone S.A","Dirección del operador: Buenos Aires, 21 - 08029 BARCELONA","Cantidad Neta: 480 g","Número de raciones por envase: 4","Otras menciones obligatorias en la etiqueta: Contenido en lactosa <0,01%."],"ingredients":[" Leche pasteurizada desnatada, trozos de kiwi (8,8%), leche pasteurizada, leche en polvo desnatada rehidratada, proteínas de la leche, fructosa, enzima lactasa, bifidobacterias y fermentos lácticos activos, edulcorantes (acesulfamo K y sucralosa) y aroma.Puede contener trazas de cereales (gluten menos de 3ppm) y frutos de cáscara."],"conservation":" Consérvese en frío entre 2°C y 6°C","ean":"8410500020798"},{"full_name":"DANONE ACTIVIA yogur con melocotón desnatado sin lactosa 0% pack 4 unidades 120 g","name":"yogur con melocotón desnatado sin lactosa 0% pack 4 unidades 120 g","brand":"DANONE ACTIVIA ","img":"https://sgfm.elcorteingles.es/SGFM/dctm/MEDIA03/201706/23/00118823102720____6__600x600.jpg","price":"1,99 €","price_unit":"(16,58 € / Kilo)","categories":["Supermercado","Lácteos","Yogures","Bífidus","DANONE ACTIVIA yogur con melocotón desnatado sin lactosa 0% pack 4 unidades 120 g"],"general_information":["Denominación del alimento: Leche fermentada desnatada con melocotón y bifidus actiregularis y sin lactosa. Con azúcar (fructosa) y edulcorantes.","Nombre del operador: Danone S.A","Dirección del operador: Buenos Aires, 21 - 08029 BARCELONA","Cantidad Neta: 480 g","Número de raciones por envase: 4","Otras menciones obligatorias en la etiqueta: Contenido en lactosa <0,01%."],"ingredients":[" Leche pasteurizada desnatada, trozos de melocotón (7,6%), leche pasteurizada, leche en polvo desnatada rehidratada, proteínas de la leche, fructosa, enzima lactasa, bifidobacterias y fermentos lácticos activos, edulcorantes (acesulfamo K y sucralosa), aroma y concentrado de zanahoria y calabaza.Puede contener trazas de cereales (gluten menos de 3ppm) y frutos de cáscara."],"conservation":" Consérvese en frío entre 2°C y 6°C","ean":"8410500020811"},{"full_name":"DANONE ACTIVIA yogur desnatado con melocotón 0% materia grasa pack 4 unidades 125 g","name":"yogur desnatado con melocotón 0% materia grasa pack 4 unidades 125 g","brand":"DANONE ACTIVIA ","img":"https://sgfm.elcorteingles.es/SGFM/dctm/MEDIA03/201706/23/00118823101565____12__600x600.jpg","price":"1,99 €","price_unit":"(3,98 € / Kilo)","categories":["Supermercado","Lácteos","Yogures","Bífidus","DANONE ACTIVIA yogur desnatado con melocotón 0% materia grasa pack 4 unidades 125 g"],"general_information":["Denominación del alimento: Leche fermentada desnatada con melocotón y bifidus actiregularis. Con azúcar (fructosa) y edulcorantes.","Nombre del operador: Danone S.A.","Dirección del operador: Buenos Aires, 21 - 08029 BARCELONA","Cantidad Neta: 500 g","Número de raciones por envase: 4"],"ingredients":[" Leche pasteurizada desnatada, melocotón (8%), leche en polvo desnatada rehidratada, proteínas de la leche, nata pasteurizada, fructosa, bifidobacterias y fermentos lácticos activos, edulcorantes (acesulfamo K y sucralosa), aroma y concentrado de zanahoria y calabaza.Puede contener trazas de cereales (gluten menos de 3ppm) y frutos de cáscara."],"conservation":" Consérvese en frío entre 2°C y 6°C","ean":"8410500010546"},{"full_name":"DANONE ACTIVIA yogur desnatado con piña 0% materia grasa pack 4 unidades 125 g","name":"yogur desnatado con piña 0% materia grasa pack 4 unidades 125 g","brand":"DANONE ACTIVIA ","img":"https://sgfm.elcorteingles.es/SGFM/dctm/MEDIA03/201706/23/00118823101425____12__600x600.jpg","price":"1,99 €","price_unit":"(3,98 € / Kilo)","categories":["Supermercado","Lácteos","Yogures","Bífidus","DANONE ACTIVIA yogur desnatado con piña 0% materia grasa pack 4 unidades 125 g"],"general_information":["Denominación del alimento: Leche fermentada desnatada edulcorada con bífidus  actiregularis. Con piña y fructuosa.","Nombre del operador: ILTESA","Dirección del operador: Av. Bravo Murillo, 3  Bloque B - 1ª planta, 38003 Santa Cruz de Tenerife","Cantidad Neta: 500 g","Número de raciones por envase: 4"],"ingredients":[" Leche desnatada rehidratada, piña (8,3%), fructosa, bifidobacterias y fermentos lácticos activos, edulcorantes (acesulfamo K y sucralosa), aromas y conservante de la fruta (E 202).Puede contener trazas de cereales (gluten menos de 3ppm) y frutos con cáscara."],"conservation":" Consérvese en frío entre 2°C y 6°C","ean":"8410500003654"},{"full_name":"DANONE ACTIVIA Fibras yogur con cereales pack 4 unidades 120 g","name":"Fibras yogur con cereales pack 4 unidades 120 g","brand":"DANONE ACTIVIA ","img":"https://sgfm.elcorteingles.es/SGFM/dctm/MEDIA03/201706/26/00118823102480____7__600x600.jpg","price":"2,09 €","price_unit":"(4,35 € / Kilo)","categories":["Supermercado","Lácteos","Yogures","Bífidus","DANONE ACTIVIA Fibras yogur con cereales pack 4 unidades 120 g"],"general_information":["Denominación del alimento: Leche fermentada con bifidus. Con fruta y cereales.","Nombre del operador: Danone S.A.","Dirección del operador: Buenos Aires, 21 - 08029 BARCELONA","Cantidad Neta: 480 g","Número de raciones por envase: 4","Otras menciones obligatorias en la etiqueta: Con Cereales Integrales"],"ingredients":[" Leche desnatada pasteurizada, agua, azúcar, leche en polvo desnatada, puré de manzana (2%), nata pasteurizada, jarabe de oligofructosa, cereales integrales (1,3%) [trigo, avena y cebada], salvado de trigo (0,3%), bifidobacterias y fermentos lácticos activos y aromas.Puede contener trazas de otros cereales con gluten y frutos de cáscara."],"conservation":" Consérvese en frío entre 2°C y 6°C","ean":"8410500020057"},{"full_name":"DANONE ACTIVIA Fibras yogur con muesli, frutos secos y cereales pack 4 unidades 120 g","name":"Fibras yogur con muesli, frutos secos y cereales pack 4 unidades 120 g","brand":"DANONE ACTIVIA ","img":"https://sgfm.elcorteingles.es/SGFM/dctm/MEDIA03/201706/26/00118823102506____7__600x600.jpg","price":"2,09 €","price_unit":"(4,35 € / Kilo)","categories":["Supermercado","Lácteos","Yogures","Bífidus","DANONE ACTIVIA Fibras yogur con muesli, frutos secos y cereales pack 4 unidades 120 g"],"general_information":["Denominación del alimento: Leche fermentada con bifidus. Con muesli.","Nombre del operador: Danone S.A.","Dirección del operador: Buenos Aires, 21 - 08029 BARCELONA","Cantidad Neta: 480 g","Número de raciones por envase: 4","Otras menciones obligatorias en la etiqueta: Con Cereales Integrales"],"ingredients":[" Leche desnatada pasteurizada, agua, azúcar, leche en polvo desnatada, muesli (3,5%) [pasas, trigo integral (14%), avena integral (14%), salvado de trigo, avellanas, almendras y nueces], nata pasteurizada, jarabe de oligofructosa, bifidobacterias y fermentos lácticos activos y aromas.Puede contener trazas de otros cereales con gluten y frutos de cáscara."],"conservation":" Consérvese en frío entre 2°C y 6°C","ean":"8410500020033"},{"full_name":"DANONE ACTIVIA Fibras yogur con avena y nueces pack 4 unidades 120 g","name":"Fibras yogur con avena y nueces pack 4 unidades 120 g","brand":"DANONE ACTIVIA ","img":"https://sgfm.elcorteingles.es/SGFM/dctm/MEDIA03/201706/26/00118823102514____7__600x600.jpg","price":"2,09 €","price_unit":"(4,35 € / Kilo)","categories":["Supermercado","Lácteos","Yogures","Bífidus","DANONE ACTIVIA Fibras yogur con avena y nueces pack 4 unidades 120 g"],"general_information":["Denominación del alimento: Leche fermentada con bifidus. Con avena y nueces.","Nombre del operador: Danone S.A.","Dirección del operador: Buenos Aires, 21 - 08029 BARCELONA","Cantidad Neta: 480 g","Número de raciones por envase: 4","Otras menciones obligatorias en la etiqueta: Con Cereales Integrales"],"ingredients":[" Leche desnatada pasteurizada, agua, nata pasteurizada, leche en polvo desnatada, fructosa, azúcar, jarabe de oligofructosa, avena integral (1,5%), nueces (1%), bifidobacterias y fermentos lácticos activos, aromas y colorante (caramelo natural).Puede contener trazas de otros cereales con gluten y frutos de cáscara."],"conservation":" Consérvese en frío entre 2°C y 6°C","ean":"8410500020071"},{"full_name":"DANONE ACTIVIA Fibras yogur con cereales 0% materia grasa pack 4 unidades 120 g","name":"Fibras yogur con cereales 0% materia grasa pack 4 unidades 120 g","brand":"DANONE ACTIVIA ","img":"https://sgfm.elcorteingles.es/SGFM/dctm/MEDIA03/201706/26/00118823102472____8__600x600.jpg","price":"2,09 €","price_unit":"(4,35 € / Kilo)","categories":["Supermercado","Lácteos","Yogures","Bífidus","DANONE ACTIVIA Fibras yogur con cereales 0% materia grasa pack 4 unidades 120 g"],"general_information":["Denominación del alimento: Leche fermentada desnatada con cereales y bifidus. Con azúcar y edulcorantes.","Nombre del operador: Danone S.A.","Dirección del operador: Buenos Aires, 21 - 08029 BARCELONA","Cantidad Neta: 480 g","Número de raciones por envase: 4","Otras menciones obligatorias en la etiqueta: Con Cereales Integrales"],"ingredients":[" Leche desnatada pasteurizada, agua, cereales (2,1%) [trigo  integral (47%), avena integral (24%) y salvado de trigo ], proteínas de la leche, leche en polvo desnatada, jarabe de oligofructosa, azúcar, bifidobacterias y fermentos lácticos activos, colorante (caramelo natural), edulcorantes (acesulfamo K y sucralosa) y aroma. Puede contener trazas de otros cereales con gluten y frutos de cáscara."],"conservation":" Consérvese en frío entre 2°C y 6°C","ean":"8410500020064"},{"full_name":"DANONE ACTIVIA Fibras yogur con muesli 0% materia grasa pack 4 unidades 120 g","name":"Fibras yogur con muesli 0% materia grasa pack 4 unidades 120 g","brand":"DANONE ACTIVIA ","img":"https://sgfm.elcorteingles.es/SGFM/dctm/MEDIA03/201706/26/00118823102498____7__600x600.jpg","price":"2,09 €","price_unit":"(4,35 € / Kilo)","categories":["Supermercado","Lácteos","Yogures","Bífidus","DANONE ACTIVIA Fibras yogur con muesli 0% materia grasa pack 4 unidades 120 g"],"general_information":["Denominación del alimento: Leche fermentada desnatada con muesli y bifidus. Con azúcar y edulcorantes.","Nombre del operador: Danone S.A.","Dirección del operador: Buenos Aires, 21 - 08029 BARCELONA","Cantidad Neta: 480 g","Número de raciones por envase: 4","Otras menciones obligatorias en la etiqueta: Con Cereales Integrales"],"ingredients":[" Leche desnatada pasteurizada, muesli (3,5%) [pasas, trigo integral (24%), avellanas, salvado de trigo y avena integral (3,9%)], proteínas de la leche, leche en polvo desnatada, jarabe de oligofructosa, azúcar, bifidobacterias y fermentos lácticos activos, colorante (caramelo natural), edulcorantes (acesulfamo K y sucralosa) y aroma.Puede contener trazas de otros cereales con gluten y frutos de cáscara"],"conservation":" Consérvese en frío entre 2°C y 6°C","ean":"8410500020040"},{"full_name":"DANONE ACTIVIA yogur de avena y bayas de goji 0% M.G. pack 4 unidades 120 g","name":"yogur de avena y bayas de goji 0% M.G. pack 4 unidades 120 g","brand":"DANONE ACTIVIA ","img":"https://sgfm.elcorteingles.es/SGFM/dctm/MEDIA03/201706/26/00118823102696____10__600x600.jpg","price":"2,09 €","price_unit":"(4,35 € / Kilo)","categories":["Supermercado","Lácteos","Yogures","Bífidus","DANONE ACTIVIA yogur de avena y bayas de goji 0% M.G. pack 4 unidades 120 g"],"general_information":["Denominación del alimento: Leche fermentada semidesnatada con bayas de goji, cereales, almendras, semillas y bifidus. Con azúcares y edulcorantes.","Nombre del operador: Danone S.A.","Dirección del operador: Buenos Aires, 21 - 08029 BARCELONA","Cantidad Neta: 480 g","Número de raciones por envase: 4"],"ingredients":[" Leche desnatada pasteurizada, agua, cereales [cebada (0,7%), avena integral (0,7%), amaranto (0,5%), mijo (0,5%) y trigo integral (0,1%)], proteínas de la leche, fructosa, leche en polvo desnatada, jarabe de oligofructosa, bayas de goji (0,9%), almendras (0,6%), semillas de amapola (0,2%) y lino (0,2%), bifidobacterias y fermentos lácticos activos, edulcorantes (acesulfamo K y sucralosa), caramelo y aroma.Puede contener trazas de otros cereales con gluten y frutos de cáscara."],"conservation":" Consérvese en frío entre 2°C y 6°C","ean":"8410500020774"},{"full_name":"DANONE ACTIVIA Semillas y Cereales yogur con espelta y semillas de amapola pack 4 unidades 120 g","name":"Semillas y Cereales yogur con espelta y semillas de amapola pack 4 unidades 120 g","brand":"DANONE ACTIVIA ","img":"https://sgfm.elcorteingles.es/SGFM/dctm/MEDIA03/201706/26/00118823102522____7__600x600.jpg","price":"2,09 €","price_unit":"(4,35 € / Kilo)","categories":["Supermercado","Lácteos","Yogures","Bífidus","DANONE ACTIVIA Semillas y Cereales yogur con espelta y semillas de amapola pack 4 unidades 120 g"],"general_information":["Denominación del alimento: Leche fermentada con bifidus. Con cereales, semillas y nueces.","Nombre del operador: Danone S.A.","Dirección del operador: Buenos Aires, 21 - 08029 BARCELONA","Cantidad Neta: 480 g","Número de raciones por envase: 4"],"ingredients":[" Leche desnatada pasteurizada, agua, azúcar, leche en polvo desnatada, jarabe de oligofructosa, cereales integrales [espelta (0,6%), avena (0,5%), trigo (0,5%) y cebada (0,4%)], nata pasteurizada, semillas de girasol (0,9%) y amapola (0,3%), jarabe de glucosa-fructosa, nueces (0,7%), bifidobacterias y fermentos lácticos activos, aromas y colorante (caramelo natural).Puede contener trazas de otros cereales con gluten y frutos de cáscara."],"conservation":" Consérvese en frío entre 2°C y 6°C","ean":"8410500020002"},{"full_name":"DANONE ACTIVIA Semillas y Cereales yogur con quinoa y semillas de calabaza 0% pack 4 unidades 120 g","name":"Semillas y Cereales yogur con quinoa y semillas de calabaza 0% pack 4 unidades 120 g","brand":"DANONE ACTIVIA ","img":"https://sgfm.elcorteingles.es/SGFM/dctm/MEDIA03/201706/26/00118823102530____7__600x600.jpg","price":"2,09 €","price_unit":"(4,35 € / Kilo)","categories":["Supermercado","Lácteos","Yogures","Bífidus","DANONE ACTIVIA Semillas y Cereales yogur con quinoa y semillas de calabaza 0% pack 4 unidades 120 g"],"general_information":["Denominación del alimento: Leche fermentada semidesnatada con cereales, semillas y bifidus. Con azúcar (fructosa) y edulcorantes.","Nombre del operador: Danone S.A.","Dirección del operador: Buenos Aires, 21 - 08029 BARCELONA","Cantidad Neta: 480 g","Número de raciones por envase: 4"],"ingredients":[" Leche desnatada pasteurizada, agua, cereales integrales [quinoa (0,9%), trigo (0,9%) y avena (0,8%)], proteínas de la leche, fructosa, leche en polvo desnatada, jarabe de oligofructosa, semillas de girasol (0,5%) y calabaza (0,5%), bifidobacterias y fermentos lácticos activos, edulcorantes (acesulfamo K y sucralosa) y aroma.Puede contener trazas de otros cereales con gluten y frutos de cáscara."],"conservation":" Consérvese en frío entre 2°C y 6°C","ean":"8410500020019"},{"full_name":"DANONE ACTIVIA yogur con semillas de lino y avellana pack 4 unidades 120 g","name":"yogur con semillas de lino y avellana pack 4 unidades 120 g","brand":"DANONE ACTIVIA ","img":"https://sgfm.elcorteingles.es/SGFM/dctm/MEDIA03/201706/26/00118823102704____6__600x600.jpg","price":"2,09 €","price_unit":"(4,35 € / Kilo)","categories":["Supermercado","Lácteos","Yogures","Bífidus","DANONE ACTIVIA yogur con semillas de lino y avellana pack 4 unidades 120 g"],"general_information":["Denominación del alimento: Leche fermentada con bifidus. Con cereales, semillas y avellanas.","Nombre del operador: Danone S.A.","Dirección del operador: Buenos Aires, 21 - 08029 BARCELONA","Cantidad Neta: 480 g","Número de raciones por envase: 4"],"ingredients":[" Leche desnatada pasteurizada, agua, azúcar, leche en polvo desnatada, jarabe de oligofructosa, cereales [quinoa (1,4%), cebada integral (0,6%) y trigo sarraceno integral (0,6%)], nata pasteurizada, avellanas (0,8%), semillas de girasol (0,6%) y lino (0,5%), bifidobacterias y fermentos lácticos activos y aromas naturales. Puede contener trazas de otros cereales con gluten y frutos de cáscara."],"conservation":" Consérvese en frío entre 2°C y 6°C","ean":"8410500020781"},{"full_name":"DANONE ACTIVIA yogur infusión arándanos con extracto de menta 0% pack 4 unidades 120 g","name":"yogur infusión arándanos con extracto de menta 0% pack 4 unidades 120 g","brand":"DANONE ACTIVIA ","img":"https://sgfm.elcorteingles.es/SGFM/dctm/MEDIA03/201708/28/00118823102795____6__600x600.jpg","price":"1,79 €","price_unit":"(14,92 € / Kilo)","categories":["Supermercado","Lácteos","Yogures","Bífidus","DANONE ACTIVIA yogur infusión arándanos con extracto de menta 0% pack 4 unidades 120 g"],"general_information":["Denominación del alimento: Leche fermentada desnatada con bifidus y arándanos y aromatizada con extracto de menta. Con azúcar (fructosa) y edulcorantes.","Nombre del operador: Danone S.A.","Dirección del operador: Buenos Aires, 21 - 08029 BARCELONA","Cantidad Neta: 480 g","Número de raciones por envase: 4"],"ingredients":[" Leche pasteurizada desnatada, leche concentrada, puré de arándanos (2%), fructosa, aroma natural [extracto de menta (0,03%)], aroma natural de arándano, zumo concentrado de zanahoria y uva, edulcorantes (acesulfamo K y sucralosa) y bifidobacterias y fermentos lácticos activos."],"conservation":" Consérvese en frío entre 2°C y 6°C","ean":"8410500021603"},{"full_name":"DANONE ACTIVIA yogur infusión limón con extracto de jengibre 0% pack 4 unidades 120 g","name":"yogur infusión limón con extracto de jengibre 0% pack 4 unidades 120 g","brand":"DANONE ACTIVIA ","img":"https://sgfm.elcorteingles.es/SGFM/dctm/MEDIA03/201708/28/00118823102787____6__600x600.jpg","price":"1,79 €","price_unit":"(14,92 € / Kilo)","categories":["Supermercado","Lácteos","Yogures","Bífidus","DANONE ACTIVIA yogur infusión limón con extracto de jengibre 0% pack 4 unidades 120 g"],"general_information":["Denominación del alimento: Leche fermentada desnatada con bifidus y limón y aromatizada con extracto de jengibre. Con azúcar (fructosa) y edulcorantes.","Nombre del operador: Danone S.A.","Dirección del operador: Buenos Aires, 21 - 08029 BARCELONA","Cantidad Neta: 480 g","Número de raciones por envase: 4"],"ingredients":[" Leche pasteurizada desnatada, leche concentrada, zumo de limón (2%), fructosa, aroma natural [extracto de jengibre (0,04%)], aroma natural de limón, concentrado de cártamo, bifidobacterias y fermentos lácticos activos y edulcorantes (acesulfamo K y sucralosa)."],"conservation":" Consérvese en frío entre 2°C y 6°C","ean":"8410500021580"},{"full_name":"DANONE ACTIVIA yogur infusión melocotón con extracto de té verde 0% pack 4 unidades 120 g","name":"yogur infusión melocotón con extracto de té verde 0% pack 4 unidades 120 g","brand":"DANONE ACTIVIA ","img":"https://sgfm.elcorteingles.es/SGFM/dctm/MEDIA03/201708/28/00118823102803____6__600x600.jpg","price":"1,79 €","price_unit":"(14,92 € / Kilo)","categories":["Supermercado","Lácteos","Yogures","Bífidus","DANONE ACTIVIA yogur infusión melocotón con extracto de té verde 0% pack 4 unidades 120 g"],"general_information":["Denominación del alimento: Leche fermentada con bifidus y melocotón y aromatizada con extracto de té verde.","Nombre del operador: Danone S.A.","Dirección del operador: Buenos Aires, 21 - 08029 BARCELONA","Cantidad Neta: 480 g","Número de raciones por envase: 4"],"ingredients":[" Leche pasteurizada desnatada, nata pasteurizada, leche concentrada, azúcar, pulpa de melocotón (2%), aroma natural [extracto de té verde (0,02%)], aroma natural de melocotón, concentrados de zanahoria y calabaza y bifidobacterias y fermentos lácticos activos."],"conservation":" Consérvese en frío entre 2°C y 6°C","ean":"8410500021597"},{"full_name":"LA FAGEDA yogur natural desnatado con bifidus pack 4 unidades 125 g","name":"yogur natural desnatado con bifidus pack 4 unidades 125 g","brand":"LA FAGEDA ","img":"https://sgfm.elcorteingles.es/SGFM/dctm/MEDIA03/201610/25/00118823102373____3__600x600.jpg","price":"2,09 €","price_unit":"(4,18 € / Kilo)","categories":["Supermercado","Lácteos","Yogures","Bífidus","LA FAGEDA yogur natural desnatado con bifidus pack 4 unidades 125 g"],"general_information":["Denominación del alimento: Leche fermentada desnatada","Nombre del operador: La Fageda Fundació","Dirección del operador: Mas Els Casals s/n Santa Pau - Girona - Parc Natural de la Garrotxa","Cantidad Neta: 500 g"],"ingredients":[" Leche fresca, leche desnatada en polvo, proteínas de leche, Bifidobacterias, Lactobacillus acidophilus y otros fermentos lácticos."],"conservation":" Conservar entre 1 y 8°C.","ean":"8424395999275"},{"full_name":"KAIKU BIFI ACTIVIUM yogur desnatado 0% natural pack 4 unds. 125 g","name":"yogur desnatado 0% natural pack 4 unds. 125 g","brand":"KAIKU BIFI ACTIVIUM ","img":"https://sgfm.elcorteingles.es/SGFM/00/17/1/0118820600171/0118820600171000g01011.jpg","price":"1,71 €","price_unit":"(3,42 € / Kilo)","categories":["Supermercado","Lácteos","Yogures","Bífidus","KAIKU BIFI ACTIVIUM yogur desnatado 0% natural pack 4 unds. 125 g"],"general_information":["Denominación del alimento: Leche desnatada fermentada con bifidus activo.","País de origen: España","Nombre del operador: Kaiku Corporación Alimentaria S.L.","Dirección del operador: Paseo de Mikeletegi 55; 20009 San Sebatian (Guipuzcoa)","Cantidad Neta: 500 g","Número de raciones por envase: 4"],"ingredients":[" Leche desnatada, leche en polvo desnatada, bifidobacterias y otros fermentos lácticos. Puede contener trazas de soja."],"conservation":" Consérvese en frío (entre 1°C y 8°C)","ean":"8410981992126"},{"full_name":"KAIKU BIFI ACTIVIUM yogur natural pack 4 unds. 125 g","name":"yogur natural pack 4 unds. 125 g","brand":"KAIKU BIFI ACTIVIUM ","img":"https://sgfm.elcorteingles.es/SGFM/00/12/2/0118820600122/0118820600122000g01011.jpg","price":"1,71 €","price_unit":"(3,42 € / Kilo)","categories":["Supermercado","Lácteos","Yogures","Bífidus","KAIKU BIFI ACTIVIUM yogur natural pack 4 unds. 125 g"],"general_information":["Denominación del alimento: Leche fermentada con bifidus activo.","País de origen: España","Nombre del operador: Kaiku Corporación Alimentaria S.L.","Dirección del operador: Paseo de Mikeletegi 55; 20009 San Sebatian (Guipuzcoa)","Cantidad Neta: 500 g","Número de raciones por envase: 4"],"ingredients":[" Leche parcialmente desnatada, leche  desnatada en polvo, bifidobacterias y fermentos lácticos. Puede contener trazas de soja."],"conservation":" Consérvese en frío (entre 1°C y 8°C)","ean":"8410981992010"},{"full_name":"KAIKU BIFI ACTIVIUM yogur con fresas pack 4 unds. 125 g","name":"yogur con fresas pack 4 unds. 125 g","brand":"KAIKU BIFI ACTIVIUM ","img":"https://sgfm.elcorteingles.es/SGFM/00/22/1/0118820600221/0118820600221000g01011.jpg","price":"2,15 €","price_unit":"(4,30 € / Kilo)","categories":["Supermercado","Lácteos","Yogures","Bífidus","KAIKU BIFI ACTIVIUM yogur con fresas pack 4 unds. 125 g"],"general_information":["Denominación del alimento: Leche fermentada azucarada con bifidus activo, con fresas.","País de origen: España","Nombre del operador: Kaiku Corporación Alimentaria S.L.","Dirección del operador: Paseo de Mikeletegi 55; 20009 San Sebatian (Guipuzcoa)","Cantidad Neta: 500 g","Número de raciones por envase: 4"],"ingredients":[" Leche parcialmente desnatada, azúcar (9,3%), fresas (8%), leche  desnatada en polvo, gelatina, aroma, almidón modificado, colorante (antocianinas), corrector de acidez (ácido cítrico), bifidobacterias y otros fermentos lácticos. Puede contener trazas de soja y frutos de cáscara."],"conservation":" Consérvese en frío (entre 1°C y 8°C)","ean":"8410981992171"},{"full_name":"KAIKU BIFI ACTIVIUM yogur con nueces pack 4 unidades 125 g","name":"yogur con nueces pack 4 unidades 125 g","brand":"KAIKU BIFI ACTIVIUM ","img":"https://sgfm.elcorteingles.es/SGFM/03/08/4/0118820603084/0118820603084000g01011.jpg","price":"2,15 €","price_unit":"(4,30 € / Kilo)","categories":["Supermercado","Lácteos","Yogures","Bífidus","KAIKU BIFI ACTIVIUM yogur con nueces pack 4 unidades 125 g"],"general_information":["Denominación del alimento: Leche fermentada azucarada con bifidus activo, con nueces.","País de origen: España","Nombre del operador: Kaiku Corporación Alimentaria S.L.","Dirección del operador: Paseo de Mikeletegi 55; 20009 San Sebatian (Guipuzcoa)","Cantidad Neta: 500 g","Número de raciones por envase: 4"],"ingredients":[" Leche parcialmente desnatada, azúcares(9,8%)(sacarosa y caramelo), leche desnatada en polvo, nueces (1,5%), almidón modificado, estabilizantes (goma garrofín y goma xantana), gelatina, aroma, antioxidante (ácido ascórbico), corrector de acidez (ácido láctico),  bifidobacterias y otros fermentos lácticos. Puede contener trazas de gluten, soja y otros frutos de cáscara."],"conservation":" Consérvese en frío (entre 1°C y 8°C)","ean":"8410981040124"},{"full_name":"KAIKU BIFI ACTIVIUM con avellanas pack 4 unidades 125 g","name":"con avellanas pack 4 unidades 125 g","brand":"KAIKU BIFI ACTIVIUM ","img":"https://sgfm.elcorteingles.es/SGFM/03/09/2/0118820603092/0118820603092000g01011.jpg","price":"2,15 €","price_unit":"(4,30 € / Kilo)","categories":["Supermercado","Lácteos","Yogures","Bífidus","KAIKU BIFI ACTIVIUM con avellanas pack 4 unidades 125 g"],"general_information":["Denominación del alimento: Leche fermentada azucarada con bifidus activo, con avellanas.","País de origen: España","Nombre del operador: Kaiku Corporación Alimentaria S.L.","Dirección del operador: Paseo de Mikeletegi 55; 20009 San Sebatian (Guipuzcoa)","Cantidad Neta: 500 g","Número de raciones por envase: 4"],"ingredients":[" Leche parcialmente desnatada, azúcar (10%)(sacarosa y caramelo), leche desnatada en polvo, avellanas (1,3%), gelatina, almidón modificado, aroma, corrector de acidez (ácido cítrico), espesante (carragenanos), emulgente (E-471), bifidobacterias y otros fermentos lácticos. Puede contener trazas de gluten, soja y otros frutos de cáscara."],"conservation":" Consérvese en frío (entre 1°C y 8°C)","ean":"8410981040148"},{"full_name":"KAIKU BIFI ACTIVIUM yogur desnatado con moras pack 4 unidades 125 g","name":"yogur desnatado con moras pack 4 unidades 125 g","brand":"KAIKU BIFI ACTIVIUM ","img":"https://sgfm.elcorteingles.es/SGFM/03/10/0/0118820603100/0118820603100000g01011.jpg","price":"2,15 €","price_unit":"(4,30 € / Kilo)","categories":["Supermercado","Lácteos","Yogures","Bífidus","KAIKU BIFI ACTIVIUM yogur desnatado con moras pack 4 unidades 125 g"],"general_information":["Denominación del alimento: Leche desnatada fermentada con bifidus activo, con mora y edulcorantes.","País de origen: España","Nombre del operador: Kaiku Corporación Alimentaria S.L.","Dirección del operador: Paseo de Mikeletegi 55; 20009 San Sebatian (Guipuzcoa)","Cantidad Neta: 500 g","Número de raciones por envase: 4","Otras menciones obligatorias en la etiqueta: Contiene una fuente de fenilalanina."],"ingredients":[" Leche desnatada, preparado de mora [agua, mora (7%), almidón modificado, aroma, edulcorantes (aspartamo y acesulfamo potásico), estabilizante (pectina)], leche desnatada en polvo, gelatina, edulcorantes (aspartamo y acesulfamo potásico),  bifidobacterias y otros fermentos lácticos. Puede contener trazas de soja y frutos de cáscara."],"conservation":" Consérvese en frío (entre 1°C y 8°C)","ean":"8410981040131"},{"full_name":"KAIKU BIFI yogur con arándanos y té verde tarrina 150 g","name":"yogur con arándanos y té verde tarrina 150 g","brand":"KAIKU BIFI ","img":"https://sgfm.elcorteingles.es/SGFM/dctm/MEDIA03/201707/28/00118823102779____1__600x600.jpg","price":"0,89 €","price_unit":"(5,93 € / Kilo)","categories":["Supermercado","Lácteos","Yogures","Bífidus","KAIKU BIFI yogur con arándanos y té verde tarrina 150 g"],"general_information":["Denominación del alimento: Leche fermentada azucarada con bífidus activo, con arándanos y extracto de té verde","País de origen: España","Nombre del operador: Kaiku Corporación Alimentaria S.L.","Dirección del operador: Paseo de Mikeletegi 55; 20009 San Sebatian (Guipuzcoa)","Cantidad Neta: 150 g","Número de raciones por envase: 1"],"ingredients":[" Leche parcialmente desnatada, puré de arándanos (4,8%), azúcar (4,7%), leche desnatada en polvo, extracto de té verde (0,12%), almidón modificado, aroma, colorante (antocianinas), espesante (goma xantana), corrector de acidez (citrato sódico), bifidobacterias y otros fermentos lácticos. Pueden contener trazas de soja y frutos de cáscara."],"conservation":" Conservar en frío entre 1°C y 8°C","ean":"8432425048961"},{"full_name":"KAIKU BIFI yogur con una capa de miel tarrina 150 g","name":"yogur con una capa de miel tarrina 150 g","brand":"KAIKU BIFI ","img":"https://sgfm.elcorteingles.es/SGFM/dctm/MEDIA03/201707/28/00118823102761____1__600x600.jpg","price":"0,89 €","price_unit":"(5,93 € / Kilo)","categories":["Supermercado","Lácteos","Yogures","Bífidus","KAIKU BIFI yogur con una capa de miel tarrina 150 g"],"general_information":["Denominación del alimento: Leche fermentada azucarada con bífidus activo, con miel.","País de origen: España","Nombre del operador: Kaiku Corporación Alimentaria S.L.","Dirección del operador: Paseo de Mikeletegi 55; 20009 San Sebatian (Guipuzcoa)","Cantidad Neta: 150 g","Número de raciones por envase: 1"],"ingredients":[" Leche parcialmente desnatada, preparado de miel [agua, miel (3%), azúcar, almidón  modificado, espesantes (pectina y alginato sódico), colorante (caramelo natural), corrector de acidez (ácido cítrico) y aroma], leche desnatada en polvo, azúcar (2,5%), almidón modificado y bifidobacterias y otros fermentos lácticos. Puede contener trazas de soja y frutos de cáscara."],"conservation":" Conservar en frío entre 1°C y 8°C","ean":"8432425048954"},{"full_name":"KAIKU BIFI yogur con una capa de manzana asada tarrina 150 g","name":"yogur con una capa de manzana asada tarrina 150 g","brand":"KAIKU BIFI ","img":"https://sgfm.elcorteingles.es/SGFM/dctm/MEDIA03/201707/28/00118823102753____1__600x600.jpg","price":"0,89 €","price_unit":"(5,93 € / Kilo)","categories":["Supermercado","Lácteos","Yogures","Bífidus","KAIKU BIFI yogur con una capa de manzana asada tarrina 150 g"],"general_information":["Denominación del alimento: Leche fermentada azucarada con bífidus activo, con manzana","País de origen: España","Nombre del operador: Kaiku Corporación Alimentaria S.L.","Dirección del operador: Paseo de Mikeletegi 55; 20009 San Sebatian (Guipuzcoa)","Cantidad Neta: 150 g","Número de raciones por envase: 1"],"ingredients":[" Leche parcialmente desnatada, preparado de manzana [agua, puré de manzana (8,1%), azúcar, almidón modificado, espesantes (pectina y alginato sódico), corrector de acidez (ácido cítrico) y aroma], leche desnatada en polvo, azúcar (2,5%), almidón modificado, bifidobacterias y otros fermentos lácticos. Puede contener trazas de soja y frutos de cáscara."],"conservation":" Conservar en frío entre 1°C y 8°C","ean":"8432425048947"},{"full_name":"VRAI yogur Bífidus sabor limón biológico pack 4 unidades 125 g","name":"yogur Bífidus sabor limón biológico pack 4 unidades 125 g","brand":"VRAI ","img":"https://sgfm.elcorteingles.es/SGFM/dctm/MEDIA03/201707/07/00118822400083____2__600x600.jpg","price":"1,87 €            ","price_unit":"(3,54 € / Kilo)","categories":["Supermercado","Lácteos","Yogures","Bífidus","VRAI yogur Bífidus sabor limón biológico pack 4 unidades 125 g"],"general_information":["Denominación del alimento: Yogur biológico","Nombre del operador: Triballat Noyal","Dirección del operador: BP 93106 - 35531 Noyal-sur-Vilaine Cedex - France","Cantidad Neta: 500 g","Otras menciones obligatorias en la etiqueta: Agricultura Biológica. Certificado por FRBIO01"],"ingredients":[" Leche con 2% de materia grasa*, azúcar de caña no refinado* 9%, leche desnatada en polvo*, aroma natural de limón 0.15%, fermentos lácticos seleccionados de los cuales Bifidus. *De Agricultura Biológica."],"conservation":" Consérvese en frío + 2°C / 6 °C","ean":"3273227035415"},{"full_name":"VRAI yogur Bífidus sabor vainilla biológico pack 4 unidades 125 g","name":"yogur Bífidus sabor vainilla biológico pack 4 unidades 125 g","brand":"VRAI ","img":"https://sgfm.elcorteingles.es/SGFM/dctm/MEDIA03/201707/07/00118822400091____2__600x600.jpg","price":"1,87 €            ","price_unit":"(3,54 € / Kilo)","categories":["Supermercado","Lácteos","Yogures","Bífidus","VRAI yogur Bífidus sabor vainilla biológico pack 4 unidades 125 g"],"general_information":["Denominación del alimento: Yogur biológico","Nombre del operador: Triballat Noyal","Dirección del operador: BP 93106 - 35531 Noyal-sur-Vilaine Cedex - France","Cantidad Neta: 500 g","Otras menciones obligatorias en la etiqueta: Agricultura Biológica. Certificado por FRBIO01"],"ingredients":[" Leche con 2% de materia grasa*, azúcar de caña no refinado* 9%, leche desnatada en polvo*, aroma natural de vainilla 1.6%, fermentos lácticos seleccionados de los cuales Bifidus. *De Agricultura Biológica."],"conservation":" Consérvese en frío + 2°C / 6 °C","ean":"3273227035460"},{"full_name":"YARANZA yogur líquido bifidus con limón botella 500 ml","name":"yogur líquido bifidus con limón botella 500 ml","brand":"YARANZA ","img":"https://sgfm.elcorteingles.es/SGFM/dctm/MEDIA02/CONTENIDOS/201407/21/00118823101482____1__600x600.jpg","price":"2,25 €","price_unit":"(4,50 € / Kilo)","categories":["Supermercado","Lácteos","Yogures","Bífidus","YARANZA yogur líquido bifidus con limón botella 500 ml"],"general_information":["Denominación del alimento: Bifidus Limón","Nombre del operador: Lácteos Yaranza, S.L.","Dirección del operador: Carretera Corbillos, 20 - 24227 Valdelafuente (León)","Cantidad Neta: 500,0 g"],"ingredients":[" Leche de vaca, azúcar, puré de limón (Sacarosa, Zumo de limón, agua, Limón troceado, almidón modificado de maíz, aromas naturales) y fermentos lácteos (Bifidobacterium animalis Subs. Lactis, Streptococcus thermophilus y Lactobacillus delbrueckii Subsp. bulgaricus).). Contiene leche y sus derivados (incluida la lactosa). Puede contener trazas de frutos de cáscara, restos de la linea de producción."],"conservation":" Refrigeración entre 1°C y 8°C . Una vez abierto, consumir antes de una semana, siempre que no se supere la fecha de caducidad.","ean":"8435143300076"},{"full_name":"REINA yogur desnatado bifidus con mango y maracuyá envase 500 g","name":"yogur desnatado bifidus con mango y maracuyá envase 500 g","brand":"REINA ","img":"https://sgfm.elcorteingles.es/SGFM/dctm/MEDIA03/201604/20/00118823102332____2__600x600.jpg","price":"1,91 €","price_unit":"(3,82 € / Kilo)","categories":["Supermercado","Lácteos","Yogures","Bífidus","REINA yogur desnatado bifidus con mango y maracuyá envase 500 g"],"general_information":["Denominación del alimento: Yogur Desnatado Azucarado con Mango- Maracuyá y Leche Fermentada con Bifidobacterium Lactis","País de origen: España","Nombre del operador: Postres y Dulces Reina,S.L.","Dirección del operador: Montero Alimentación, S.L. Avda. Severo Ochoa, 62. 29590 P.T.A. Málaga","Cantidad Neta: 500 g","Número de raciones por envase: 4"],"ingredients":[" Leche desnatada, mango (14,4%), azúcar (10,4%), leche desnatada en polvo, zumo de fruta de la pasión (2,8%), almidón modificado de maíz, aromas naturales, estabilizante (carragenano), conservador (sorbato potásico), antioxidante (ácido ascórbico), fermentos lácticos y bifidobacterium lactis."],"conservation":" Conservar en frío entre +2 y 6°C","ean":"8424893600062"},{"full_name":"REINA yogur bifidus 0% natural con azúcar de caña envase 500 g","name":"yogur bifidus 0% natural con azúcar de caña envase 500 g","brand":"REINA ","img":"https://sgfm.elcorteingles.es/SGFM/dctm/MEDIA03/201706/22/00118823102399____2__600x600.jpg","price":"1,49 €","price_unit":"(2,98 € / Kilo)","categories":["Supermercado","Lácteos","Yogures","Bífidus","REINA yogur bifidus 0% natural con azúcar de caña envase 500 g"],"general_information":["Denominación del alimento: Leche desnatada fermentada con bifidubacterium lactis con azúcar de caña","País de origen: España","Nombre del operador: Postres y Dulces Reina,S.L.","Dirección del operador: Montero Alimentación, S.L. Avda. Severo Ochoa, 62. 29590 P.T.A. Málaga","Cantidad Neta: 500 g","Número de raciones por envase: 1"],"ingredients":[" lechedesnatada, azúcar de caña (7,7%) leche en polvo desnatada, fermentos lácticos y bifidobacterium lactis"],"conservation":" Conservar en frío entre +2 y +6 °C","ean":"8424893600123"},{"full_name":"ASTURIANA bífidus con trozos de avellana envase 125 g","name":"bífidus con trozos de avellana envase 125 g","brand":"ASTURIANA ","img":"https://sgfm.elcorteingles.es/SGFM/dctm/MEDIA03/201708/24/00118823102555____1__600x600.jpg","price":"0,45 €","price_unit":"(3,60 € / Kilo)","categories":["Supermercado","Lácteos","Yogures","Bífidus","ASTURIANA bífidus con trozos de avellana envase 125 g"],"general_information":["Denominación del alimento: AVELLANA","Nombre del operador: Corporación Alimentaria Peñasanta,","Dirección del operador: LG Sierra de Granda, s/n, 33199, Siero - Asturias.","Cantidad Neta: 0.125 Litros"],"ingredients":[" Leche desnatada, proteínas de la leche, edulcorante (glucósidos de esteviol), bifidobacterias, fermentos lácticos naturales (leche) preparado de avellana 15% (avellanas: 15%, zumo de manzana, zumo de limón, almidón nativo de maiz, fibra, aroma natural)"],"conservation":" Conservar en frio entre 1 y 8ºC","ean":"8410297230400"},{"full_name":"ASTURIANA bífidus desnatado con trozos de higo y nuez de macadamia envase 125 g","name":"bífidus desnatado con trozos de higo y nuez de macadamia envase 125 g","brand":"ASTURIANA ","img":"https://sgfm.elcorteingles.es/SGFM/dctm/MEDIA03/201708/24/00118823102563____1__600x600.jpg","price":"0,45 €","price_unit":"(3,60 € / Kilo)","categories":["Supermercado","Lácteos","Yogures","Bífidus","ASTURIANA bífidus desnatado con trozos de higo y nuez de macadamia envase 125 g"],"general_information":["Denominación del alimento: HIGOS","Nombre del operador: Corporación Alimentaria Peñasanta,","Dirección del operador: LG Sierra de Granda, s/n, 33199, Siero - Asturias.","Cantidad Neta: 0.125 Litros"],"ingredients":[" Leche desnatada, proteínas de la leche, edulcorante (glucósidos de esteviol), bifidobacterias, fermentos lácticos naturales (leche) preparado higos-nueces 15%(higo 50%,nueces macadamia 1,8%, zumo d manzana,almidón nativo d maiz,zumo d limón,fibra,aroma natural"],"conservation":" Conservar en frio entre 1 y 8ºC","ean":"8410297230417"},{"full_name":"ASTURIANA bífidus natural desnatado envase 125 g","name":"bífidus natural desnatado envase 125 g","brand":"ASTURIANA ","img":"https://sgfm.elcorteingles.es/SGFM/dctm/MEDIA03/201708/24/00118823102571____1__600x600.jpg","price":"0,29 €","price_unit":"(2,32 € / Kilo)","categories":["Supermercado","Lácteos","Yogures","Bífidus","ASTURIANA bífidus natural desnatado envase 125 g"],"general_information":["Denominación del alimento: Leche Fermentada Natural Desnatada. Bifidus","Nombre del operador: Corporación Alimentaria Peñasanta,","Dirección del operador: LG Sierra de Granda, s/n, 33199, Siero - Asturias.","Cantidad Neta: 0.125 Litros"],"ingredients":[" Leche desnatada, proteínas de leche, bifidobacterias, fermentos lácticos naturales"],"conservation":" Conservar en frio entre 1 y 8ºC","ean":"8410297230509"},{"full_name":"LA ERMITA DE SAN PEDRO bífidus natural sin gluten envase 1 kg","name":"bífidus natural sin gluten envase 1 kg","brand":"LA ERMITA DE SAN PEDRO ","img":"https://sgfm.elcorteingles.es/SGFM/dctm/MEDIA03/201709/14/00118823102746____1__600x600.jpg","price":"2,00 €","price_unit":"(2 € / Kilo)","categories":["Supermercado","Lácteos","Yogures","Bífidus","LA ERMITA DE SAN PEDRO bífidus natural sin gluten envase 1 kg"],"general_information":[],"ingredients":[],"ean":"8436019988121"},{"full_name":"DANONE DANACOL yogur líquido 0% natural pack 14 unidades 100 g","name":"yogur líquido 0% natural pack 14 unidades 100 g","brand":"DANONE DANACOL ","img":"https://sgfm.elcorteingles.es/SGFM/dctm/MEDIA03/201606/21/00118823401213____2__600x600.jpg","price":"6,75 €","price_unit":"(4,82 € / Kilo)","categories":["Supermercado","Lácteos","Yogures","Colesterol","DANONE DANACOL yogur líquido 0% natural pack 14 unidades 100 g"],"general_information":["Denominación del alimento: Leche fermentada desnatada con edulcorantes,esteroles vegetales añadidos y aromas","Nombre del operador: Danone S.A.","Dirección del operador: Buenos Aires, 21 - 08029 BARCELONA","Cantidad Neta: 1400 g","Número de raciones por envase: 14","Otras menciones obligatorias en la etiqueta: Danacol, con esteroles vegetales, no está destinado a las personas que no necesitan controlar su colesterolemia. El prod. puede no ser nutricionalmente adecuado para personas con necesidades dietéticas especiales (mujeres embarazadas y durante la lactancia y niños menores de 5 años). Un Danacol contiene 1,6g de esteroles vegetales. Debe evitarse un consumo >3g de esteroles vegetales añadidos al día. Sí usted está tomando medicamentos para reducir su colesterolemia sólo debe consumir el prod. bajo supervisión médica. El prod. debe consumirse como parte de una dieta equilibrada y variada. Las efermedades de corazón poseen múltiples factores de riesgo y la alteración de uno de estes factores de riesgo puede tener, o no, un efecto beneficioso. El efecto beneficioso puede ser obetenido con un consumo diário de 1,5g hasta 3g de esteroles/estanoles vegetales. El consumo diário de 1,5g hasta 2,4g de esteroles vegetales reduce el colesterol LDL de 7% a 10% en 2 a 3 semanas."],"ingredients":[" Leche pasteurizada desnatada, éster de esterol vegetal (2,6%, del cual 1,6% esterol vegetal libre), oligofructosa, leche en polvo desnatada, aromas, edulcorantes (acesulfamo K y sucralosa) y fermentos lácticos activos."],"conservation":" Consérvese en frío entre 2°C y 6°C","ean":"8410500017446"},{"full_name":"DANONE DANACOL yogur líquido sabor fresa 0% pack 14 unidades 100 g","name":"yogur líquido sabor fresa 0% pack 14 unidades 100 g","brand":"DANONE DANACOL ","img":"https://sgfm.elcorteingles.es/SGFM/dctm/MEDIA03/201606/21/00118823401221____2__600x600.jpg","price":"6,75 €","price_unit":"(4,82 € / Kilo)","categories":["Supermercado","Lácteos","Yogures","Colesterol","DANONE DANACOL yogur líquido sabor fresa 0% pack 14 unidades 100 g"],"general_information":["Denominación del alimento: Leche fermentada desnatada con edulcorantes, esteroles vegetales añadidos y fresa.","Nombre del operador: Danone S.A.","Dirección del operador: Buenos Aires, 21 - 08029 BARCELONA","Cantidad Neta: 1400 g","Número de raciones por envase: 14","Otras menciones obligatorias en la etiqueta: Danacol, con esteroles vegetales, no está destinado a las personas que no necesitan controlar su colesterolemia. El prod. puede no ser nutricionalmente adecuado para personas con necesidades dietéticas especiales (mujeres embarazadas y durante la lactancia y niños menores de 5 años). Un Danacol contiene 1,6g de esteroles vegetales. Debe evitarse un consumo >3g de esteroles vegetales añadidos al día. Sí usted está tomando medicamentos para reducir su colesterolemia sólo debe consumir el prod. bajo supervisión médica. El prod. debe consumirse como parte de una dieta equilibrada y variada. Las efermedades de corazón poseen múltiples factores de riesgo y la alteración de uno de estes factores de riesgo puede tener, o no, un efecto beneficioso. El efecto beneficioso puede ser obetenido con un consumo diário de 1,5g hasta 3g de esteroles/estanoles vegetales. El consumo diário de 1,5g hasta 2,4g de esteroles vegetales reduce el colesterol LDL de 7% a 10% en 2 a 3 semanas."],"ingredients":[" Leche pasteurizada desnatada, éster de esterol vegetal (2,6 %, del cual 1,6% esterol vegetal libre), pulpa de fresa (1%), leche en polvo desnatada, aroma, colorante (carmines), edulcorantes (acesulfamo K y sucralosa) y fermentos lácticos activos."],"conservation":" Consérvese en frío entre 2°C y 6°C","ean":"8410500017453"},{"full_name":"DANONE DANACOL yogur líquido fresa pack 6 unds. 100 ml","name":"yogur líquido fresa pack 6 unds. 100 ml","brand":"DANONE DANACOL ","img":"https://sgfm.elcorteingles.es/SGFM/dctm/MEDIA03/201606/21/00118823400637____1__600x600.jpg","price":"3,78 €","price_unit":"(6,30 € / Kilo)","categories":["Supermercado","Lácteos","Yogures","Colesterol","DANONE DANACOL yogur líquido fresa pack 6 unds. 100 ml"],"general_information":["Denominación del alimento: Leche fermentada desnatada con edulcorantes, esteroles vegetales añadidos y fresa.","Nombre del operador: Danone S.A.","Dirección del operador: Buenos Aires, 21 - 08029 BARCELONA","Cantidad Neta: 600 g","Número de raciones por envase: 6","Otras menciones obligatorias en la etiqueta: Danacol, con esteroles vegetales, no está destinado a las personas que no necesitan controlar su colesterolemia. El prod. puede no ser nutricionalmente adecuado para personas con necesidades dietéticas especiales (mujeres embarazadas y durante la lactancia y niños menores de 5 años). Un Danacol contiene 1,6g de esteroles vegetales. Debe evitarse un consumo >3g de esteroles vegetales añadidos al día. Sí usted está tomando medicamentos para reducir su colesterolemia sólo debe consumir el prod. bajo supervisión médica. El prod. debe consumirse como parte de una dieta equilibrada y variada. Las efermedades de corazón poseen múltiples factores de riesgo y la alteración de uno de estes factores de riesgo puede tener, o no, un efecto beneficioso. El efecto beneficioso puede ser obetenido con un consumo diário de 1,5g hasta 3g de esteroles/estanoles vegetales. El consumo diário de 1,5g hasta 2,4g de esteroles vegetales reduce el colesterol LDL de 7% a 10% en 2 a 3 semanas."],"ingredients":[" Leche pasteurizada desnatada, éster de esterol vegetal (2,6 %, del cual 1,6% esterol vegetal libre), pulpa de fresa (1%), leche en polvo desnatada, aroma, colorante (carmines), edulcorantes (acesulfamo K y sucralosa) y fermentos lácticos activos."],"conservation":" Consérvese en frío entre 2°C y 6°C","ean":"8410500008116"},{"full_name":"DANONE DANACOL Danacol yogur líquido natural pack 6 unds. 100 ml","name":"Danacol yogur líquido natural pack 6 unds. 100 ml","brand":"DANONE DANACOL ","img":"https://sgfm.elcorteingles.es/SGFM/dctm/MEDIA03/201606/21/00118823400629____1__600x600.jpg","price":"3,78 €","price_unit":"(6,30 € / Kilo)","categories":["Supermercado","Lácteos","Yogures","Colesterol","DANONE DANACOL Danacol yogur líquido natural pack 6 unds. 100 ml"],"general_information":["Denominación del alimento: Leche fermentada desnatada con edulcorantes,esteroles vegetales añadidos y aromas","Nombre del operador: Danone S.A.","Dirección del operador: Buenos Aires, 21 - 08029 BARCELONA","Cantidad Neta: 600 g","Número de raciones por envase: 6","Otras menciones obligatorias en la etiqueta: Danacol, con esteroles vegetales, no está destinado a las personas que no necesitan controlar su colesterolemia. El prod. puede no ser nutricionalmente adecuado para personas con necesidades dietéticas especiales (mujeres embarazadas y durante la lactancia y niños menores de 5 años). Un Danacol contiene 1,6g de esteroles vegetales. Debe evitarse un consumo >3g de esteroles vegetales añadidos al día. Sí usted está tomando medicamentos para reducir su colesterolemia sólo debe consumir el prod. bajo supervisión médica. El prod. debe consumirse como parte de una dieta equilibrada y variada. Las efermedades de corazón poseen múltiples factores de riesgo y la alteración de uno de estes factores de riesgo puede tener, o no, un efecto beneficioso. El efecto beneficioso puede ser obetenido con un consumo diário de 1,5g hasta 3g de esteroles/estanoles vegetales. El consumo diário de 1,5g hasta 2,4g de esteroles vegetales reduce el colesterol LDL de 7% a 10% en 2 a 3 semanas."],"ingredients":[" Leche pasteurizada desnatada, éster de esterol vegetal (2,6%, del cual 1,6% esterol vegetal libre), oligofructosa, leche en polvo desnatada, aromas, edulcorantes (acesulfamo K y sucralosa) y fermentos lácticos activos."],"conservation":" Consérvese en frío entre 2°C y 6°C","ean":"8410500008109"},{"full_name":"DANONE DANACOL yogur líquido tropical pack 6 unds. 100 ml","name":"yogur líquido tropical pack 6 unds. 100 ml","brand":"DANONE DANACOL ","img":"https://sgfm.elcorteingles.es/SGFM/dctm/MEDIA03/201609/16/00118823400652____1__600x600.jpg","price":"3,78 €","price_unit":"(6,30 € / Kilo)","categories":["Supermercado","Lácteos","Yogures","Colesterol","DANONE DANACOL yogur líquido tropical pack 6 unds. 100 ml"],"general_information":["Denominación del alimento: Leche fermentada desnatada con edulcorantes, esteroles vegetales añadidos y frutas exóticas","Nombre del operador: Danone S.A.","Dirección del operador: Buenos Aires, 21 - 08029 BARCELONA","Cantidad Neta: 600 g","Número de raciones por envase: 6","Otras menciones obligatorias en la etiqueta: Danacol, con esteroles vegetales, no está destinado a las personas que no necesitan controlar su colesterolemia. El prod. puede no ser nutricionalmente adecuado para personas con necesidades dietéticas especiales (mujeres embarazadas y durante la lactancia y niños menores de 5 años). Un Danacol contiene 1,6g de esteroles vegetales. Debe evitarse un consumo >3g de esteroles vegetales añadidos al día. Sí usted está tomando medicamentos para reducir su colesterolemia sólo debe consumir el prod. bajo supervisión médica. El prod. debe consumirse como parte de una dieta equilibrada y variada. Las efermedades de corazón poseen múltiples factores de riesgo y la alteración de uno de estes factores de riesgo puede tener, o no, un efecto beneficioso. El efecto beneficioso puede ser obetenido con un consumo diário de 1,5g hasta 3g de esteroles/estanoles vegetales. El consumo diário de 1,5g hasta 2,4g de esteroles vegetales reduce el colesterol LDL de 7% a 10% en 2 a 3 semanas."],"ingredients":[" Leche pasteurizada desnatada, éster de esterol vegetal (2,6 %, del cual 1,6% esterol vegetal libre), oligofructosa, pulpa de frutas exóticas 1% (mango, kiwi, banana), leche en polvo desnatada, aromas, colorantes (riboflavina, carotenos), edulcorantes (acesulfamo K y sucralosa) y fermentos lácticos activos."],"conservation":" Consérvese en frío entre 2°C y 6°C","ean":"8410500009724"},{"full_name":"DANONE DANACOL yogur líquido lima-limón 0% pack 6 unidades 100 ml","name":"yogur líquido lima-limón 0% pack 6 unidades 100 ml","brand":"DANONE DANACOL ","img":"https://sgfm.elcorteingles.es/SGFM/dctm/MEDIA03/201604/20/00118823401270____1__600x600.jpg","price":"3,78 €","price_unit":"(6,30 € / Kilo)","categories":["Supermercado","Lácteos","Yogures","Colesterol","DANONE DANACOL yogur líquido lima-limón 0% pack 6 unidades 100 ml"],"general_information":["Denominación del alimento: Leche fermentada desnatada con edulcorantes, esteroles vegetales añadidos y limón y zumo de lima","Nombre del operador: Danone S.A.","Dirección del operador: Buenos Aires, 21 - 08029 BARCELONA","Cantidad Neta: 600 g","Número de raciones por envase: 6","Otras menciones obligatorias en la etiqueta: Danacol, con esteroles vegetales, no está destinado a las personas que no necesitan controlar su colesterolemia. El prod. puede no ser nutricionalmente adecuado para personas con necesidades dietéticas especiales (mujeres embarazadas y durante la lactancia y niños menores de 5 años). Un Danacol contiene 1,6g de esteroles vegetales. Debe evitarse un consumo >3g de esteroles vegetales añadidos al día. Sí usted está tomando medicamentos para reducir su colesterolemia sólo debe consumir el prod. bajo supervisión médica. El prod. debe consumirse como parte de una dieta equilibrada y variada. Las efermedades de corazón poseen múltiples factores de riesgo y la alteración de uno de estes factores de riesgo puede tener, o no, un efecto beneficioso. El efecto beneficioso puede ser obetenido con un consumo diário de 1,5g hasta 3g de esteroles/estanoles vegetales. El consumo diário de 1,5g hasta 2,4g de esteroles vegetales reduce el colesterol LDL de 7% a 10% en 2 a 3 semanas."],"ingredients":[" Leche pasteurizada desnatada, éster de esterol vegetal (2,6 %, del cual 1,6% esterol vegetal libre), polidextrosa, pulpa de limón (1%), leche en polvo desnatada, zumo de lima concentrado rehidratado (0,3%), aromas, edulcorantes (acesulfamo K y sucralosa), colorante (carotenos) y fermentos lácticos activos."],"conservation":" Consérvese en frío entre 2°C y 6°C","ean":"8410500020125"},{"full_name":"KAIKU VITATEN yogur líquido tropical pack 6 unds. 65 ml","name":"yogur líquido tropical pack 6 unds. 65 ml","brand":"KAIKU VITATEN ","img":"https://sgfm.elcorteingles.es/SGFM/00/64/5/0118823400645/0118823400645000g01011.jpg","price":"3,30 €","price_unit":"(8,46 € / Litro)","categories":["Supermercado","Lácteos","Yogures","Colesterol","KAIKU VITATEN yogur líquido tropical pack 6 unds. 65 ml"],"general_information":["Denominación del alimento: Leche desnatada fermentada aromatizada, con potasio. Con azúcar y edulcorantes.","País de origen: España","Nombre del operador: Kaiku Corporación Alimentaria S.L.","Dirección del operador: Paseo de Mikeletegi 55; 20009 San Sebatian (Guipuzcoa)","Cantidad Neta: 390 Mililitros","Número de raciones por envase: 6","Otras menciones obligatorias en la etiqueta: Contiene una fuente de fenilalanina.# Si usted está tomando medicamentos para la tensión arterial, consulte con su médico. Para mantener un correcto estado de la tensión arterial se recomienda consumir el producto dentro de un estilo de vida saludable manteniendo un peso adecuado, recomendándose el bajo consumo de sal (sodio), consumir frutas, verduras y productos desnatados, moderar la ingesta de alcohol y realizar ejercicio físico. La cantidad diaria recomendada es de 1 botellita. Una botellita contiene una dosis diaria de 300 mg de potasio."],"ingredients":[" Leche desnatada, preparado aromatizado (agua, fructosa, sales de potasio (citrato tripotásico), almidón modificado, regulador de acidez (ácido cítrico), aroma, colorante (carotenos), edulcorantes (aspartamo y acesulfamo potásico)), leche en polvo desnatada y fermentos lácticos."],"conservation":" Conservar en frío entre 1°C y 8°C","ean":"8410981093632"},{"full_name":"KAIKU BENECOL yogur líquido natural pack 6 unidades 70 g + 2 gratis","name":"yogur líquido natural pack 6 unidades 70 g","brand":"KAIKU BENECOL ","img":"https://sgfm.elcorteingles.es/SGFM/dctm/MEDIA02/CONTENIDOS/201505/26/00118823401171____1__600x600.jpg","price":"3,50 €","price_unit":"(50 € / Kilo)","categories":["Supermercado","Lácteos","Yogures","Colesterol","KAIKU BENECOL yogur líquido natural pack 6 unidades 70 g + 2 gratis"],"general_information":["Denominación del alimento: Leche desnatada fermentada con estanoles vegetales añadidos. Con azúcares y edulcorante.","País de origen: España","Nombre del operador: Kaiku Corporación Alimentaria S.L.","Dirección del operador: Paseo de Mikeletegi 55; 20009 San Sebatian (Guipuzcoa)","Cantidad Neta: 520 Mililitros","Número de raciones por envase: 8","Otras menciones obligatorias en la etiqueta: Se ha demostrado que los esteres de fitoestanol reducen la colesterolemia.Una tasa elevada de colesterol constituye un factor de riesgo en el desarrollo de cardiopatías coronarias.Las cardiopatías coronarias poseen múltiples factores de riesgo y la alteración de uno de estos factores de riesgo, puede tener o no un efecto benéfico.Producto no destinado a personas que no necesitan controlar su colesterolemia.Si usted está tomando medicamentos para reducir los niveles de colesterol, consulte a su médico.Puede no ser nutricionalmente adecuado para personas con necesidades dietéticas especiales (mujeres embarazadas y lactancia,menores de 5 años).Para una efectiva reducción de nivel de colesterol,se aconseja un aporte diario de 2g de estanol vegetal equivalente a una botellita de Benecol.Se recomienda una ingesta diaria de 1,5 a 3 g de fitoestanoles,no superior a 3 g."],"ingredients":[" Leche desnatada, agua, ésteres de estanoles vegetales (5,1%) (que equivale a 3,1% de estanoles vegetales), azúcares (azúcar, jarabe de glucosa y jarabe de azúcar caramelizado), almidón modificado, zumo de limón concentrado, edulcorante (sucralosa), vitaminas (B6 y ácido fólico) y fermentos lácticos."],"conservation":" Conservar en frío (entre 1°C y 8°C)","ean":"8410981040247"},{"full_name":"KAIKU BENECOL Zero yogur líquido natural light pack 6 unidades 65 ml","name":"Zero yogur líquido natural light pack 6 unidades 65 ml","brand":"KAIKU BENECOL ","img":"https://sgfm.elcorteingles.es/SGFM/dctm/MEDIA03/201607/11/00118823400686____1__600x600.jpg","price":"3,59 €","price_unit":"(9,21 € / Litro)","categories":["Supermercado","Lácteos","Yogures","Colesterol","KAIKU BENECOL Zero yogur líquido natural light pack 6 unidades 65 ml"],"general_information":["Denominación del alimento: Leche desnatada fermentada aromatizada con estanoles vegetales. Sin azúcares añadidos, sin lactosa y con edulcorantes.","País de origen: España","Nombre del operador: Kaiku Corporación Alimentaria S.L.","Dirección del operador: Paseo de Mikeletegi 55; 20009 San Sebatian (Guipuzcoa)","Cantidad Neta: 390 Mililitros","Número de raciones por envase: 6","Otras menciones obligatorias en la etiqueta: Se ha demostrado que los esteres de fitoestanol reducen la colesterolemia.Una tasa elevada de colesterol constituye un factor de riesgo en el desarrollo de cardiopatías coronarias.Las cardiopatías coronarias poseen múltiples factores de riesgo y la alteración de uno de estos factores de riesgo, puede tener o no un efecto benéfico.Producto no destinado a personas que no necesitan controlar su colesterolemia.Si usted está tomando medicamentos para reducir los niveles de colesterol, consulte a su médico.Puede no ser nutricionalmente adecuado para personas con necesidades dietéticas especiales (mujeres embarazadas y lactancia,menores de 5 años).Para una efectiva reducción de nivel de colesterol,se aconseja un aporte diario de 2g de estanol vegetal equivalente a una botellita de Benecol.Se recomienda una ingesta diaria de 1,5 a 3 g de fitoestanoles,no superior a 3 g.Contiene una fuente de fenilalanina.Contiene azúcares naturalmente presentes.No apto para alérgicos a la proteína de la leche"],"ingredients":[" Leche desnatada, preparado aromatizado (agua, fibra alimentaria (oligofructosa), almidón modificado, estabilizante (pectina), aromas, zumo concentrado de limón, edulcorantes (aspartamo y acesulfamo potásico)), ésteres de estanoles vegetales (5,1%)(que equivale a 3% de estanoles vegetales), enzima lactasa, edulcorante (sucralosa), vitaminas (B6 y ácido fólico) y fermentos lácticos."],"conservation":" Conservar en frío (entre 1°C y 8°C)","ean":"8410981095926"},{"full_name":"KAIKU BENECOL Zero yogur líquido sabor frambuesa pack 6 unidades 65 ml","name":"Zero yogur líquido sabor frambuesa pack 6 unidades 65 ml","brand":"KAIKU BENECOL ","img":"https://sgfm.elcorteingles.es/SGFM/00/74/4/0118823400744/0118823400744000g01011.jpg","price":"3,59 €","price_unit":"(55,23 € / Litro)","categories":["Supermercado","Lácteos","Yogures","Colesterol","KAIKU BENECOL Zero yogur líquido sabor frambuesa pack 6 unidades 65 ml"],"general_information":["Denominación del alimento: Leche desnatada fermentada sabor a frambuesa, con estanoles vegetales. Sin azúcares añadidos, sin lactosa y con edulcorantes.","País de origen: España","Nombre del operador: Kaiku Corporación Alimentaria S.L.","Dirección del operador: Paseo de Mikeletegi 55; 20009 San Sebatian (Guipuzcoa)","Cantidad Neta: 390 Mililitros","Número de raciones por envase: 6","Otras menciones obligatorias en la etiqueta: Se ha demostrado que los esteres de fitoestanol reducen la colesterolemia.Una tasa elevada de colesterol constituye un factor de riesgo en el desarrollo de cardiopatías coronarias.Las cardiopatías coronarias poseen múltiples factores de riesgo y la alteración de uno de estos factores de riesgo, puede tener o no un efecto benéfico.Producto no destinado a personas que no necesitan controlar su colesterolemia.Si usted está tomando medicamentos para reducir los niveles de colesterol, consulte a su médico.Puede no ser nutricionalmente adecuado para personas con necesidades dietéticas especiales (mujeres embarazadas y lactancia,menores de 5 años).Para una efectiva reducción de nivel de colesterol,se aconseja un aporte diario de 2g de estanol vegetal equivalente a una botellita de Benecol.Se recomienda una ingesta diaria de 1,5 a 3 g de fitoestanoles,no superior a 3 g.Contiene una fuente de fenilalanina.Contiene azúcares naturalmente presentes.No apto para alérgicos a la proteína de la leche"],"ingredients":[" Leche desnatada, preparado aromatizado (agua, fibra alimentaria (oligofructosa), almidón modificado, aroma, colorante (antocianinas), zumo concentrado de limón, edulcorantes (aspartamo y acesulfamo potásico)), ésteres de estanoles vegetales (5,1%)(que equivale a 3% de estanoles vegetales), enzima lactasa, edulcorante (sucralosa), vitaminas (B6 y ácido fólico) y fermentos lácticos."],"conservation":" Conservar en frío (entre 1°C y 8°C)","ean":"8432425044086"},{"full_name":"KAIKU BENECOL Zero yogur líquido sabor granada y limón pack 6 unidades 65 ml","name":"Zero yogur líquido sabor granada y limón pack 6 unidades 65 ml","brand":"KAIKU BENECOL ","img":"https://sgfm.elcorteingles.es/SGFM/00/75/1/0118823400751/0118823400751000g01011.jpg","price":"3,59 €","price_unit":"(55,23 € / Litro)","categories":["Supermercado","Lácteos","Yogures","Colesterol","KAIKU BENECOL Zero yogur líquido sabor granada y limón pack 6 unidades 65 ml"],"general_information":["Denominación del alimento: Leche desnatada fermentada sabor a granada y limón, con estanoles vegetales. Sin azúcares añadidos, sin lactosa y con edulcorantes.","País de origen: España","Nombre del operador: Kaiku Corporación Alimentaria S.L.","Dirección del operador: Paseo de Mikeletegi 55; 20009 San Sebatian (Guipuzcoa)","Cantidad Neta: 390 Mililitros","Número de raciones por envase: 6","Otras menciones obligatorias en la etiqueta: Se ha demostrado que los esteres de fitoestanol reducen la colesterolemia.Una tasa elevada de colesterol constituye un factor de riesgo en el desarrollo de cardiopatías coronarias.Las cardiopatías coronarias poseen múltiples factores de riesgo y la alteración de uno de estos factores de riesgo, puede tener o no un efecto benéfico.Producto no destinado a personas que no necesitan controlar su colesterolemia.Si usted está tomando medicamentos para reducir los niveles de colesterol, consulte a su médico.Puede no ser nutricionalmente adecuado para personas con necesidades dietéticas especiales (mujeres embarazadas y lactancia,menores de 5 años).Para una efectiva reducción de nivel de colesterol,se aconseja un aporte diario de 2g de estanol vegetal equivalente a una botellita de Benecol.Se recomienda una ingesta diaria de 1,5 a 3 g de fitoestanoles,no superior a 3 g.Contiene una fuente de fenilalanina.Contiene azúcares naturalmente presentes.No apto para alérgicos a la proteína de la leche"],"ingredients":[" Leche desnatada, preparado aromatizado (agua, fibra alimentaria (oligofructosa), almidón modificado, aroma, colorante (antocianinas), zumo concentrado de limón, edulcorantes (aspartamo y acesulfamo potásico)), ésteres de estanoles vegetales (5,1%)(que equivale a 3% de estanoles vegetales), enzima lactasa, edulcorante (sucralosa), vitaminas (B6 y ácido fólico) y fermentos lácticos."],"conservation":" Conservar en frío (entre 1°C y 8°C)","ean":"8432425044246"},{"full_name":"EL CORTE INGLES yogur natural al estilo griego pack 6 unidades 125 g","name":"yogur natural al estilo griego pack 6 unidades 125 g","brand":"EL CORTE INGLES ","img":"https://sgfm.elcorteingles.es/SGFM/dctm/MEDIA03/201702/02/00118823001336____7__600x600.jpg","price":"1,26 €","price_unit":"(1,68 € / Kilo)","categories":["Supermercado","Lácteos","Yogures","Griegos y mousses","EL CORTE INGLES yogur natural al estilo griego pack 6 unidades 125 g"],"general_information":["Denominación del alimento: YOGUR NATURAL","Nombre del operador: Elaborado para El Corte Inglés por\nL.N.P.L.R Guadalajara, S.L \nC /Hernán Cortés, s/n (Poligono Henares)\n 19180 Marchamalo (Guadalajara) - España","Cantidad Neta: 750 g","Número de raciones por envase: 6.0"],"ingredients":[" INGREDIENTES:\n\nLeche entera, nata, leche desnatada en polvo, fermentos lácticos."],"conservation":" Conservar en frio entre 1ºC y 8ºC","ean":"8433329067836"},{"full_name":"EL CORTE INGLES yogur natural azucarado al estilo griego pack 6 unidades 125 g","name":"yogur natural azucarado al estilo griego pack 6 unidades 125 g","brand":"EL CORTE INGLES ","img":"https://sgfm.elcorteingles.es/SGFM/dctm/MEDIA03/201702/02/00118823001344____7__600x600.jpg","price":"1,16 €","price_unit":"(1,55 € / Kilo)","categories":["Supermercado","Lácteos","Yogures","Griegos y mousses","EL CORTE INGLES yogur natural azucarado al estilo griego pack 6 unidades 125 g"],"general_information":["Denominación del alimento: YOGUR NATURAL AZUCARADO","Nombre del operador: Elaborado para El Corte Inglés por\nL.N.P.L.R Guadalajara, S.L \nC /Hernán Cortés, s/n (Poligono Henares)\n 19180 Marchamalo (Guadalajara) - España","Cantidad Neta: 750 g","Número de raciones por envase: 6.0"],"ingredients":[" INGREDIENTES:\n\nLeche entera, nata, azúcar, leche desnatada en polvo, fermentos lácticos,"],"conservation":" Conservar en frio entre 1ºC y 8ºC","ean":"8433329067843"},{"full_name":"EL CORTE INGLES yogur al estilo griego con straciatella pack 6 unidades 125 g","name":"yogur al estilo griego con straciatella pack 6 unidades 125 g","brand":"EL CORTE INGLES ","img":"https://sgfm.elcorteingles.es/SGFM/dctm/MEDIA03/201702/02/00118823001351____7__600x600.jpg","price":"1,76 €","price_unit":"(2,35 € / Kilo)","categories":["Supermercado","Lácteos","Yogures","Griegos y mousses","EL CORTE INGLES yogur al estilo griego con straciatella pack 6 unidades 125 g"],"general_information":["Denominación del alimento: YOGUR AZUCARADO CON COPOS DE CHOCOLATE Y AROMAS","Nombre del operador: Elaborado para El Corte Inglés por\nL.N.P.L.R Guadalajara, S.L \nC /Hernán Cortés, s/n (Poligono Henares)\n 19180 Marchamalo (Guadalajara) - España","Cantidad Neta: 750 g","Número de raciones por envase: 6.0"],"ingredients":[" INGREDIENTES:\n\nLeche, nata, azúcar (12,2%), jarabe de glucosa-fructosa, virutas de chocolate (pasta de cacao, manteca de cacao, azúcar) (1,8%), leche en polvo desnatada, almidón modificado (E 1422), espesantes (E 440, E 412), aromas, correctores de acidez (E 330, E 331, E 333), fermentos lácticos."],"conservation":" Conservar en frio entre 1ºC y 8ºC","ean":"8433329067850"},{"full_name":"DANONE Mousse yogur cremoso natural azucarado pack 4 unidades 65 g","name":"Mousse yogur cremoso natural azucarado pack 4 unidades 65 g","brand":"DANONE ","img":"https://sgfm.elcorteingles.es/SGFM//00/20/4/0118821600204/0118821600204000g01011.jpg","price":"1,99 €","price_unit":"(7,65 € / Kilo)","categories":["Supermercado","Lácteos","Yogures","Griegos y mousses","DANONE Mousse yogur cremoso natural azucarado pack 4 unidades 65 g"],"general_information":["Denominación del alimento: Mousse natural azucarada. Postre lácteo","Nombre del operador: Danone S.A","Dirección del operador: Buenos Aires, 21 - 08029 BARCELONA","Cantidad Neta: 260 g","Número de raciones por envase: 4"],"ingredients":[" Leche pasteurizada, nata pasteurizada, azúcar (10,2%), leche en polvo, gelatina, emulgente (E 472b) y fermentos lácticos."],"conservation":" Consérvese en frío entre 2°C y 6°C","ean":"8410500018238"},{"full_name":"DANONE OIKOS yogur griego con mango y papaya pack 2 unidades 115 g","name":"yogur griego con mango y papaya pack 2 unidades 115 g","brand":"DANONE OIKOS ","img":"https://sgfm.elcorteingles.es/SGFM/dctm/MEDIA03/201604/25/00118823001203____1__600x600.jpg","price":"1,00 €","price_unit":"(4,35 € / Kilo)","categories":["Supermercado","Lácteos","Yogures","Griegos y mousses","DANONE OIKOS yogur griego con mango y papaya pack 2 unidades 115 g"],"general_information":["Denominación del alimento: Yogur con mango y papaya","Nombre del operador: Danone S.A","Dirección del operador: Buenos Aires, 21 - 08029 BARCELONA","Cantidad Neta: 230 g","Número de raciones por envase: 2"],"ingredients":[" Yogur natural azucarado (82%) [Leche pasteurizada, nata pasteurizada, azúcar (6,5%), proteínas de la leche, leche en polvo desnatada y fermentos lácticos] y Preparado de mango y papaya (18%) [agua, azúcar, pedazos de mango (22%) y papaya (22%), almidón modificado de maíz, estabilizador (carragenano), concentrados de zanahoria y calabaza, aroma natural y correctores de acidez (ácido cítrico y citratos de sodio)]. Puede contener trazas de cereales (gluten menos de 3 ppm), frutos de cáscara y huevo."],"conservation":" Consérvese en frío entre 2°C y 6°C","ean":"8410500020163"},{"full_name":"DANONE OIKOS yogur griego con manzana y canela pack 2 unidades 115 g","name":"yogur griego con manzana y canela pack 2 unidades 115 g","brand":"DANONE OIKOS ","img":"https://sgfm.elcorteingles.es/SGFM/dctm/MEDIA02/CONTENIDOS/201602/01/00118823001179____1__600x600.jpg","price":"1,00 €","price_unit":"(4,35 € / Kilo)","categories":["Supermercado","Lácteos","Yogures","Griegos y mousses","DANONE OIKOS yogur griego con manzana y canela pack 2 unidades 115 g"],"general_information":["Denominación del alimento: Yogur con manzana y canela","Nombre del operador: Danone S.A.","Dirección del operador: Buenos Aires, 21 - 08029 BARCELONA","Cantidad Neta: 230 g","Número de raciones por envase: 2"],"ingredients":[" Yogur natural azucarado (82%) [Leche pasteurizada, nata pasteurizada, azúcar (6,5%), proteínas de la leche, leche en polvo desnatada y fermentos lácticos] y Preparado de manzana con canela (18%) [pedazos de manzana (39%), azúcar, agua, almidón modificado de maíz, aromas, espesante (pectinas), correctores de acidez (ácido cítrico y citratos de calcio y sodio) y canela (0,3%)]. Puede contener trazas de cereales (gluten menos de 3 ppm), frutos de cáscara y huevo."],"conservation":" Consérvese en frío entre 2°C y 6°C","ean":"8410500019877"},{"full_name":"DANONE OIKOS yogur griego con fresas pack 2 unidades 115 g","name":"yogur griego con fresas pack 2 unidades 115 g","brand":"DANONE OIKOS ","img":"https://sgfm.elcorteingles.es/SGFM/dctm/MEDIA03/201606/21/00118823000684____2__600x600.jpg","price":"1,00 €","price_unit":"(8,70 € / Kilo)","categories":["Supermercado","Lácteos","Yogures","Griegos y mousses","DANONE OIKOS yogur griego con fresas pack 2 unidades 115 g"],"general_information":["Denominación del alimento: Yogur con fresa","Nombre del operador: Danone S.A.","Dirección del operador: Buenos Aires, 21 - 08029 BARCELONA","Cantidad Neta: 230 g","Número de raciones por envase: 2"],"ingredients":[" Yogur natural azucarado (82%) [Leche pasteurizada, nata pasteurizada, azúcar (8%), proteínas de la leche, leche en polvo desnatada y fermentos lácticos] y Preparado de fresa (18%) [trozos de fresa (65%), azúcar, agua, espesantes (almidón modificado de maíz, pectinas y goma xantana), correctores de acidez (citratos de sodio y ácido cítrico), colorante (carminas) y aroma]. Puede contener trazas de cereales (gluten menos de 3 ppm), frutos de cáscara y huevo."],"conservation":" Consérvese en frío entre 2°C y 6°C","ean":"8410500016371"},{"full_name":"DANONE OIKOS yogur griego con stracciatella pack 2 unidades 115 g","name":"yogur griego con stracciatella pack 2 unidades 115 g","brand":"DANONE OIKOS ","img":"https://sgfm.elcorteingles.es/SGFM/dctm/MEDIA03/201606/21/00118823000700____2__600x600.jpg","price":"1,00 €","price_unit":"(8,70 € / Kilo)","categories":["Supermercado","Lácteos","Yogures","Griegos y mousses","DANONE OIKOS yogur griego con stracciatella pack 2 unidades 115 g"],"general_information":["Denominación del alimento: Yogur con pepitas de chocolate","Nombre del operador: Danone S.A.","Dirección del operador: Buenos Aires, 21 - 08029 BARCELONA","Cantidad Neta: 230 g","Número de raciones por envase: 2"],"ingredients":[" Leche pasteurizada, nata pasteurizada, azúcar, pepitas de chocolate (2%) [pasta de cacao, manteca de cacao y azúcar], proteínas de la leche, leche en polvo desnatada, aroma y fermentos lácticos. Puede contener trazas de cereales (gluten menos de 3 ppm), frutos de cáscara y huevo."],"conservation":" Consérvese en frío entre 2°C y 6°C","ean":"8410500016586"},{"full_name":"DANONE OIKOS yogur griego con caramelo pack 2 unidades 115 g","name":"yogur griego con caramelo pack 2 unidades 115 g","brand":"DANONE OIKOS ","img":"https://sgfm.elcorteingles.es/SGFM/dctm/MEDIA02/CONTENIDOS/201602/01/00118823001187____1__600x600.jpg","price":"1,00 €","price_unit":"(4,35 € / Kilo)","categories":["Supermercado","Lácteos","Yogures","Griegos y mousses","DANONE OIKOS yogur griego con caramelo pack 2 unidades 115 g"],"general_information":["Denominación del alimento: Yogur con caramelo","Nombre del operador: Danone S.A.","Dirección del operador: Buenos Aires, 21 - 08029 BARCELONA","Cantidad Neta: 230 g","Número de raciones por envase: 2"],"ingredients":[" Yogur natural azucarado (82%) [Leche pasteurizada, nata pasteurizada, azúcar (6,5%), proteínas de la leche, leche en polvo desnatada y fermentos lácticos] y Preparado de caramelo (18%) [agua, azúcar, caramelo con leche (15%) [jarabe de glucosa frutosa, azúcar, agua y leche condensada azucarada], caramelo (4%) [azúcar y agua], almidón modificado de maíz, mantequilla, sal, espesante (carragenano), emulgente (E 471), aroma, jarabe de azúcar quemado y corrector de acidez (ácido láctico)]. Puede contener trazas de cereales (gluten menos de 3 ppm), frutos de cáscara y huevo."],"conservation":" Consérvese en frío entre 2°C y 6°C","ean":"8410500019860"},{"full_name":"DANONE OIKOS yogur griego con pera caramelizada pack 2 unidades envase 115 g","name":"yogur griego con pera caramelizada pack 2 unidades envase 115 g","brand":"DANONE OIKOS ","img":"https://sgfm.elcorteingles.es/SGFM/dctm/MEDIA03/201707/28/00118823001443____1__600x600.jpg","price":"1,19 €","price_unit":"(10,35 € / Kilo)","categories":["Supermercado","Lácteos","Yogures","Griegos y mousses","DANONE OIKOS yogur griego con pera caramelizada pack 2 unidades envase 115 g"],"general_information":["Denominación del alimento: Yogur azucarado con pera y caramelo","Nombre del operador: Danone S.A","Dirección del operador: Buenos Aires, 21 - 08029 BARCELONA","Cantidad Neta: 230 g","Número de raciones por envase: 2"],"ingredients":[" Yogur natural azucarado (82%) [leche pasteurizada, nata pasteurizada, azúcar (8%), leche en polvo desnatada, proteínas de la leche y fermentos lácticos] y Preparado de pera y caramelo (18%) [agua, pulpa y pedazos de pera (30%), azúcar, caramelo con leche (12%) [jarabe de glucosa, azúcar, agua y leche condensada azucarada], almidón modificado de maíz, caramelo (2%) [azúcar y agua], espesantes (carragenano y goma guar), aromas, correctores de acidez (ácido láctico y citratos de sodio) y jarabe de azúcar quemado]. Puede contener trazas de cereales con gluten (menos de 3 ppm), frutos de cáscara y huevo."],"conservation":" Consérvese en frío entre 2°C y 6°C","ean":"8410500021542"},{"full_name":"DANONE OIKOS yogur griego con plátano y caramelo pack 2 unidades envase 115 g","name":"yogur griego con plátano y caramelo pack 2 unidades envase 115 g","brand":"DANONE OIKOS ","img":"https://sgfm.elcorteingles.es/SGFM/dctm/MEDIA03/201707/28/00118823001435____1__600x600.jpg","price":"1,19 €","price_unit":"(10,35 € / Kilo)","categories":["Supermercado","Lácteos","Yogures","Griegos y mousses","DANONE OIKOS yogur griego con plátano y caramelo pack 2 unidades envase 115 g"],"general_information":["Denominación del alimento: Yogur azucarado con plátano y caramelo","Nombre del operador: Danone S.A","Dirección del operador: Buenos Aires, 21 - 08029 BARCELONA","Cantidad Neta: 230 g","Número de raciones por envase: 2"],"ingredients":[" Yogur natural azucarado (82%) [leche pasteurizada, nata pasteurizada, azúcar (8%), leche en polvo desnatada, proteínas de la leche y fermentos lácticos] y Preparado de plátano y caramelo (18%) [agua, azúcar, pulpa y pedazos de plátano (17%), caramelo con leche (13%) [jarabe de glucosa, azúcar, agua y leche condensada azucarada], caramelo (4%) [azúcar y agua], almidón modificado de maíz, espesantes (carragenano y goma guar), aromas, correctores de acidez (ácido láctico y citratos de sódio) y jarabe de azúcar quemado]. Puede contener trazas de cereales con gluten (menos de 3 ppm), frutos de cáscara y huevo."],"conservation":" Consérvese en frío entre 2°C y 6°C","ean":"8410500021559"},{"full_name":"DANONE OIKOS yogur griego con naranja, limón y mandarina pack 2 unidades 115 g","name":"yogur griego con naranja, limón y mandarina pack 2 unidades 115 g","brand":"DANONE OIKOS ","img":"https://sgfm.elcorteingles.es/SGFM/dctm/MEDIA03/201602/17/00118823000668____1__600x600.jpg","price":"1,00 €","price_unit":"(8,70 € / Kilo)","categories":["Supermercado","Lácteos","Yogures","Griegos y mousses","DANONE OIKOS yogur griego con naranja, limón y mandarina pack 2 unidades 115 g"],"general_information":["Denominación del alimento: Yogur con limón, mandarina y naranja","Nombre del operador: Danone S.A.","Dirección del operador: Buenos Aires, 21 - 08029 BARCELONA","Cantidad Neta: 230 g","Número de raciones por envase: 2"],"ingredients":[" Yogur natural azucarado (82%) [Leche pasteurizada, nata pasteurizada, azúcar (6,5%), proteínas de la leche, leche en polvo desnatada y fermentos lácticos] y Preparado de frutos cítricos (18%) [agua, azúcar, limón (17,5%), naranja (6%), mandarina (6%), zumos de mandarina (5,4%) y naranja (3,5%), almidón modificado de maíz, espesante (pectinas), correctores de acidez (citratos de sodio y calcio y ácido cítrico), aromas naturales y concentrado de zanahoria. Puede contener trazas de cereales (gluten menos de 3 ppm), frutos de cáscara y huevo."],"conservation":" Consérvese en frío entre 2°C y 6°C","ean":"8410500015701"},{"full_name":"DANONE OIKOS Sensaciones yogur griego con un toque de limón pack 2 unidades 115 g","name":"Sensaciones yogur griego con un toque de limón pack 2 unidades 115 g","brand":"DANONE OIKOS ","img":"https://sgfm.elcorteingles.es/SGFM/dctm/MEDIA03/201604/12/00118823000940____2__600x600.jpg","price":"1,00 €","price_unit":"(4,35 € / Kilo)","categories":["Supermercado","Lácteos","Yogures","Griegos y mousses","DANONE OIKOS Sensaciones yogur griego con un toque de limón pack 2 unidades 115 g"],"general_information":["Denominación del alimento: Yogur aromatizado con limón y sabor a lima","Nombre del operador: Danone S.A.","Dirección del operador: Buenos Aires, 21 - 08029 BARCELONA","Cantidad Neta: 230 g","Número de raciones por envase: 2"],"ingredients":[" Leche pasteurizada, nata pasteurizada, azúcar, zumo de limón (2,1%), limón (1,4%), proteínas de la leche, leche en polvo desnatada, aromas naturales y fermentos lácticos.Puede contener trazas de cereales (gluten menos de 3 ppm), frutos de cáscara y huevo."],"conservation":" Consérvese en frío entre 2°C y 6°C","ean":"8410500019235"},{"full_name":"DANONE OIKOS Fondue yogur griego con cerezas pack 2 unidades 115 g","name":"Fondue yogur griego con cerezas pack 2 unidades 115 g","brand":"DANONE OIKOS ","img":"https://sgfm.elcorteingles.es/SGFM/dctm/MEDIA03/201707/10/00118823001385____11__600x600.jpg","price":"1,19 €","price_unit":"(5,17 € / Kilo)","categories":["Supermercado","Lácteos","Yogures","Griegos y mousses","DANONE OIKOS Fondue yogur griego con cerezas pack 2 unidades 115 g"],"general_information":["Denominación del alimento: Yogur azucarado con cereza y cacao.","Nombre del operador: Danone S.A.","Dirección del operador: Buenos Aires, 21 - 08029 BARCELONA","Cantidad Neta: 230 g","Número de raciones por envase: 2"],"ingredients":[" Yogur natural azucarado (82 %) [leche pasteurizada, nata pasteurizada, azúcar (8%), proteínas de la leche, leche desnatada en polvo y fermentos lácticos] y Preparado de cereza y cacao (18%) [agua, trozos de cereza (30%), azúcar, pulpa de cereza procedente de concentrado (24%), almidón modificado de maíz, cacao en polvo (2%), aromas, espesantes (pectinas y goma xantana) y correctores de acidez (citratos de sodio y ácido cítrico)].Puede contener trazas de cereales (gluten menos de 3 ppm), frutos de cáscara y huevo."],"conservation":" Consérvese en frío entre 2°C y 6°C","ean":"8410500020699"},{"full_name":"DANONE OIKOS Fondue yogur griego con frutas del bosque pack 2 unidades 115 g","name":"Fondue yogur griego con frutas del bosque pack 2 unidades 115 g","brand":"DANONE OIKOS ","img":"https://sgfm.elcorteingles.es/SGFM/dctm/MEDIA03/201706/09/00118823001393____1__600x600.jpg","price":"1,19 €","price_unit":"(5,17 € / Kilo)","categories":["Supermercado","Lácteos","Yogures","Griegos y mousses","DANONE OIKOS Fondue yogur griego con frutas del bosque pack 2 unidades 115 g"],"general_information":["Denominación del alimento: Yogur azucarado con frutos del bosque y cacao.","Nombre del operador: Danone S.A.","Dirección del operador: Buenos Aires, 21 - 08029 BARCELONA","Cantidad Neta: 230 g","Número de raciones por envase: 2"],"ingredients":[" Yogur natural azucarado (82 %) [leche pasteurizada, nata pasteurizada, azúcar (8%), proteínas de la leche, leche desnatada en polvo y fermentos lácticos] y Preparado de frutos del bosque y cacao (18%) [agua, azúcar, frambuesa (12%), mora (12%), arándano (5%), almidón modificado de maíz, cacao en polvo (2%), aromas, espesantes (pectinas y goma xantana) y correctores de acidez (citratos de sodio y ácido cítrico)].Puede contener trazas de cereales (gluten menos de 3 ppm), frutos de cáscara y huevo."],"conservation":" Consérvese en frío entre 2°C y 6°C","ean":"8410500020682"},{"full_name":"DANONE OIKOS Fondue yogur griego con naranja pack 2 unidades 115 g","name":"Fondue yogur griego con naranja pack 2 unidades 115 g","brand":"DANONE OIKOS ","img":"https://sgfm.elcorteingles.es/SGFM/dctm/MEDIA03/201706/09/00201023001439____1__600x600.jpg","price":"1,19 €","price_unit":"(5,17 € / Kilo)","categories":["Supermercado","Lácteos","Yogures","Griegos y mousses","DANONE OIKOS Fondue yogur griego con naranja pack 2 unidades 115 g"],"general_information":["Denominación del alimento: Yogur azucarado con naranja y cacao.","Nombre del operador: Danone S.A.","Dirección del operador: Buenos Aires, 21 - 08029 BARCELONA","Cantidad Neta: 230 g","Número de raciones por envase: 2"],"ingredients":[" Yogur natural azucarado (82 %) [leche pasteurizada, nata pasteurizada, azúcar (8%), proteínas de la leche, leche desnatada en polvo y fermentos lácticos] y Preparado de naranja y cacao (18%) [agua, pulpa y trozos de naranja (25%), azúcar, zumo de naranja procedente de concentrado (12%), almidón modificado de maíz, cacao en polvo (2%), aromas, espesante (carragenano) y correctores de acidez (citratos de sodio y ácido cítrico)].Puede contener trazas de cereales (gluten menos de 3 ppm), frutos de cáscara y huevo."],"conservation":" Consérvese en frío entre 2°C y 6°C","ean":"8410500020705"},{"full_name":"DANONE OIKOS yogur griego natural pack 4 unidades 115 g","name":"yogur griego natural pack 4 unidades 115 g","brand":"DANONE OIKOS ","img":"https://sgfm.elcorteingles.es/SGFM/dctm/MEDIA03/201701/16/00118823000478____3__600x600.jpg","price":"1,99 €","price_unit":"(4,33 € / Kilo)","categories":["Supermercado","Lácteos","Yogures","Griegos y mousses","DANONE OIKOS yogur griego natural pack 4 unidades 115 g"],"general_information":["Denominación del alimento: Yogur natural","Nombre del operador: Danone S.A.","Dirección del operador: Buenos Aires, 21 - 08029 BARCELONA","Cantidad Neta: 460 g","Número de raciones por envase: 4"],"ingredients":[" Leche pasteurizada, nata pasteurizada, proteínas de leche, leche en polvo desnatada y fermentos lácticos."],"conservation":" Consérvese en frío entre 2°C y 6°C","ean":"8410500016517"},{"full_name":"DANONE OIKOS yogur griego natural azucarado pack 4 unidades 115 g","name":"yogur griego natural azucarado pack 4 unidades 115 g","brand":"DANONE OIKOS ","img":"https://sgfm.elcorteingles.es/SGFM/dctm/MEDIA03/201604/14/00118823000486____2__600x600.jpg","price":"1,99 €","price_unit":"(4,33 € / Kilo)","categories":["Supermercado","Lácteos","Yogures","Griegos y mousses","DANONE OIKOS yogur griego natural azucarado pack 4 unidades 115 g"],"general_information":["Denominación del alimento: Yogur natural azúcarado","Nombre del operador: Danone S.A.","Dirección del operador: Buenos Aires, 21 - 08029 BARCELONA","Cantidad Neta: 460 g","Número de raciones por envase: 4"],"ingredients":[" Leche pasteurizada, nata pasteurizada, azúcar (6,5%), proteínas de leche, leche en polvo desnatada y fermentos lácticos."],"conservation":" Consérvese en frío entre 2°C y 6°C","ean":"8410500016524"},{"full_name":"DANONE OIKOS yogur griego con castañas pack 2 unidades envase 115 g","name":"yogur griego con castañas pack 2 unidades envase 115 g","brand":"DANONE OIKOS ","img":"https://sgfm.elcorteingles.es/SGFM/dctm/MEDIA03/201707/28/00118823001450____1__600x600.jpg","price":"1,19 €","price_unit":"(10,35 € / Kilo)","categories":["Supermercado","Lácteos","Yogures","Griegos y mousses","DANONE OIKOS yogur griego con castañas pack 2 unidades envase 115 g"],"general_information":["Denominación del alimento: Yogur azucarado con castaña","Nombre del operador: Danone S.A","Dirección del operador: Buenos Aires, 21 - 08029 BARCELONA","Cantidad Neta: 230 g","Número de raciones por envase: 2"],"ingredients":[" Yogur natural azucarado (82 %) [leche pasteurizada, nata pasteurizada, azúcar (8%), proteínas de la leche, leche desnatada en polvo y fermentos lácticos] y Preparado de castaña (18%) [agua, azúcar, pulpa y pedazos de castaña (15%), almidón modificado de maíz, aromas naturales, espesantes (carragenanos y goma guar), correctores de acidez (citratos de sodio y ácido láctico) y  jarabe de azúcar quemado]. Puede contener trazas de cereales con gluten (menos de 3 ppm), frutos de cáscara y huevo."],"conservation":" Consérvese en frío entre 2°C y 6°C","ean":"8410500021535"},{"full_name":"NESTLE SVELTESSE Be Active yogur estilo griego con arándanos 0% materia grasa envase 150 g","name":"Be Active yogur estilo griego con arándanos 0% materia grasa envase 150 g","brand":"NESTLE SVELTESSE ","img":"https://sgfm.elcorteingles.es/SGFM/dctm/MEDIA03/201703/15/00118820403170____1__600x600.jpg","price":"0,99 €","price_unit":"(6,60 € / Kilo)","categories":["Supermercado","Lácteos","Yogures","Griegos y mousses","NESTLE SVELTESSE Be Active yogur estilo griego con arándanos 0% materia grasa envase 150 g"],"general_information":["Denominación del alimento: Yogur con arándanos desnatado","Nombre del operador: Lactalis Nestlé PLRI","Dirección del operador: Avda de la Fama 16-20, Cornella de Llobregat, 08940 Barcelona","Cantidad Neta: 150 g"],"ingredients":[],"conservation":" conservar en frio de 1-8°C","ean":"3023290238035"},{"full_name":"LA FAGEDA yogur griego natural azucarado pack 4 unidades 125 g","name":"yogur griego natural azucarado pack 4 unidades 125 g","brand":"LA FAGEDA ","img":"https://sgfm.elcorteingles.es/SGFM/dctm/MEDIA03/201610/25/00118823001039____3__600x600.jpg","price":"2,40 €","price_unit":"(4,80 € / Kilo)","categories":["Supermercado","Lácteos","Yogures","Griegos y mousses","LA FAGEDA yogur griego natural azucarado pack 4 unidades 125 g"],"general_information":["Denominación del alimento: Yogur natural azucarado","Nombre del operador: La Fageda Fundació","Dirección del operador: Mas Els Casals s/n Santa Pau - Girona - Parc Natural de la Garrotxa","Cantidad Neta: 500 g"],"ingredients":[" Leche fresca, nata, azúcar, leche desnatada en polvo, proteínas de leche y fermentos lácticos."],"conservation":" Conservar entre 1 y 8°C.","ean":"8424395141810"},{"full_name":"LA FAGEDA yogur griego natural pack 4 unidades 125 g","name":"yogur griego natural pack 4 unidades 125 g","brand":"LA FAGEDA ","img":"https://sgfm.elcorteingles.es/SGFM/dctm/MEDIA03/201610/25/00118823001021____3__600x600.jpg","price":"2,40 €","price_unit":"(4,80 € / Kilo)","categories":["Supermercado","Lácteos","Yogures","Griegos y mousses","LA FAGEDA yogur griego natural pack 4 unidades 125 g"],"general_information":["Denominación del alimento: Yogur natural","Nombre del operador: La Fageda Fundació","Dirección del operador: Mas Els Casals s/n Santa Pau - Girona - Parc Natural de la Garrotxa","Cantidad Neta: 500 g"],"ingredients":[" Leche fresca, nata, leche desnatada en polvo, proteínas de leche y fermentos lácticos."],"conservation":" Conservar entre 1 y 8°C.","ean":"8424395141803"},{"full_name":"TOTAL yogur griego natural 0% envase 1 kg","name":"yogur griego natural 0% envase 1 kg","brand":"TOTAL ","img":"https://sgfm.elcorteingles.es/SGFM/dctm/MEDIA02/CONTENIDOS/201601/13/00118823001161____1__600x600.jpg","price":"5,99 €","price_unit":"(5,99 € / Kilo)","categories":["Supermercado","Lácteos","Yogures","Griegos y mousses","TOTAL yogur griego natural 0% envase 1 kg"],"general_information":[],"ingredients":[],"ean":"5201054016558"},{"full_name":"TOTAL yogur griego natural 0% m.g. envase 170 g","name":"yogur griego natural 0% m.g. envase 170 g","brand":"TOTAL ","img":"https://sgfm.elcorteingles.es/SGFM/dctm/CONTENIDOS/201511/24/00118823001104____2__600x600.jpg","price":"1,75 €","price_unit":"(10,29 € / Kilo)","categories":["Supermercado","Lácteos","Yogures","Griegos y mousses","TOTAL yogur griego natural 0% m.g. envase 170 g"],"general_information":[],"ingredients":[],"ean":"5201054016718"},{"full_name":"FAGE FRUYO yogur griego con vainilla 0% m.g. envase 170 g","name":"yogur griego con vainilla 0% m.g. envase 170 g","brand":"FAGE FRUYO ","img":"https://sgfm.elcorteingles.es/SGFM/dctm/MEDIA02/CONTENIDOS/201512/31/00118823001138____1__600x600.jpg","price":"1,84 €","price_unit":"(10,82 € / Kilo)","categories":["Supermercado","Lácteos","Yogures","Griegos y mousses","FAGE FRUYO yogur griego con vainilla 0% m.g. envase 170 g"],"general_information":["Denominación del alimento: Yogurt Griego Desnatado 0%M.G.","Nombre del operador: FAGE","Dirección del operador: 5 rue des Primeurs ( 2361 ) Strassen","Cantidad Neta: 170 g"],"ingredients":[" Leche Desnatada Pasteurizada De Vaca, Fermentos Lácticos, Azúcar, Agua, Almidón De Arroz Y Maíz, Vainilla (0,04%), Concentrado De Zumode Limón, Aroma Natural De"],"conservation":" Consérvese en frío +04°C/+06ºC","ean":"5201054036631"},{"full_name":"FAGE FRUYO yogur griego con melocotón 0% m.g. envase 170 g","name":"yogur griego con melocotón 0% m.g. envase 170 g","brand":"FAGE FRUYO ","img":"https://sgfm.elcorteingles.es/SGFM/dctm/MEDIA02/CONTENIDOS/201512/31/00118823001146____1__600x600.jpg","price":"1,84 €","price_unit":"(10,82 € / Kilo)","categories":["Supermercado","Lácteos","Yogures","Griegos y mousses","FAGE FRUYO yogur griego con melocotón 0% m.g. envase 170 g"],"general_information":[],"ingredients":[],"ean":"5201054036624"},{"full_name":"FAGE yogur griego con limón 0% m.g. envase 170 g","name":"yogur griego con limón 0% m.g. envase 170 g","brand":"FAGE ","img":"https://sgfm.elcorteingles.es/SGFM/dctm/MEDIA02/CONTENIDOS/201601/08/00118823001153____1__600x600.jpg","price":"1,84 €","price_unit":"(10,82 € / Kilo)","categories":["Supermercado","Lácteos","Yogures","Griegos y mousses","FAGE yogur griego con limón 0% m.g. envase 170 g"],"general_information":["Denominación del alimento: Yogurt Griego Desnatado 0%M.G.","Nombre del operador: FAGE","Dirección del operador: 5 rue des Primeurs ( 2361 ) Strassen","Cantidad Neta: 170 g"],"ingredients":[" Leche Desnatada Pasteurizada De Vaca, Fermentos Lácticos, Azúcar, Limón Y Zumo De Limón (3,6%), Almidón De Tapioca, Aromas Naturales"],"conservation":" Consérvese en frío +04°C/+06ºC","ean":"5201054035405"},{"full_name":"REINA yogur griego natural envase 500 g","name":"yogur griego natural envase 500 g","brand":"REINA ","img":"https://sgfm.elcorteingles.es/SGFM/dctm/MEDIA03/201706/22/00118823001096____2__600x600.jpg","price":"1,65 €","price_unit":"(3,30 € / Kilo)","categories":["Supermercado","Lácteos","Yogures","Griegos y mousses","REINA yogur griego natural envase 500 g"],"general_information":["Denominación del alimento: Yogur natural","País de origen: España","Nombre del operador: Postres y Dulces Reina,S.L.","Dirección del operador: Montero Alimentación, S.L. Avda. Severo Ochoa, 62. 29590 P.T.A. Málaga","Cantidad Neta: 500 g","Número de raciones por envase: 1"],"ingredients":[" lecheentera, nata, leche en polvo desnatada, proteína láctea y fermentos lácticos."],"conservation":" Conservar en frío entre +2 y +6 °C","ean":"8424893600130"},{"full_name":"REINA yogur griego con plátano y dulce de leche pack 2 unidades 115 g","name":"yogur griego con plátano y dulce de leche pack 2 unidades 115 g","brand":"REINA ","img":"https://sgfm.elcorteingles.es/SGFM/dctm/MEDIA03/201608/08/00118823001252____1__600x600.jpg","price":"0,99 €","price_unit":"(4,30 € / Kilo)","categories":["Supermercado","Lácteos","Yogures","Griegos y mousses","REINA yogur griego con plátano y dulce de leche pack 2 unidades 115 g"],"general_information":["Denominación del alimento: Yogur con plátano y dulce de leche","País de origen: España","Nombre del operador: Postres y Dulces Reina,S.L.","Dirección del operador: Pol. Ind. Cavila 15-19 Caravaca de la Cruz (Murcia).","Cantidad Neta: 230 g","Número de raciones por envase: 2"],"ingredients":[" Leche, nata, preparado de plátano y dulce de leche (16%) [plátano (25%), azúcar, dulce de leche (15%) (leche condensada, sirope de glucosa y fructosa, azúcar y aroma), sirope de glucosa y fructosa, almidón modificado, aromas naturales, regulador de acidez (ácido cítrico y ácido lactico), estabilizante (goma xantana, goma guar) y conservador de la fruta (sorbato potásico)], azúcar, leche desnatada en polvo, proteína de la leche y fermentos lácticos."],"conservation":" Conservar en frío entre +2 y +6 °C","ean":"8420756004152"},{"full_name":"REINA yogur griego con granada y frambuesa pack 2 unidades 115 g","name":"yogur griego con granada y frambuesa pack 2 unidades 115 g","brand":"REINA ","img":"https://sgfm.elcorteingles.es/SGFM/dctm/MEDIA03/201701/16/00118823001260____1__600x600.jpg","price":"1,00 €","price_unit":"(4,35 € / Kilo)","categories":["Supermercado","Lácteos","Yogures","Griegos y mousses","REINA yogur griego con granada y frambuesa pack 2 unidades 115 g"],"general_information":["Denominación del alimento: Yogur con frambuesa y zumo de granada","País de origen: España","Nombre del operador: Postres y Dulces Reina,S.L.","Dirección del operador: Pol. Ind. Cavila 15-19 Caravaca de la Cruz (Murcia).","Cantidad Neta: 230 g","Número de raciones por envase: 2"],"ingredients":[" Leche, nata, preparado de frambuesa y granada (16%) [frambuesa (45%), azúcar, zumo de granada desde concentrado (5%), fibra (polidextrosa), almidón modificado, aromas naturales, espesante (pectina), conservador de la fruta (sorbato potásico) y regulador de acidez (ácido cítrico)], azúcar, leche desnatada en polvo, proteína de la leche y fermentos lácticos."],"conservation":" Conservar en frío entre +2 y +6 °C","ean":"8420756004138"},{"full_name":"KAIKU yogur griego con nueces pack 4 unidades 125 g","name":"yogur griego con nueces pack 4 unidades 125 g","brand":"KAIKU ","img":"https://sgfm.elcorteingles.es/SGFM/dctm/MEDIA03/201705/26/00118823001419____1__600x600.jpg","price":"2,09 €","price_unit":"(4,18 € / Kilo)","categories":["Supermercado","Lácteos","Yogures","Griegos y mousses","KAIKU yogur griego con nueces pack 4 unidades 125 g"],"general_information":["Denominación del alimento: Yogur con nueces.","País de origen: España","Nombre del operador: Kaiku Corporación Alimentaria S.L.","Dirección del operador: Paseo de Mikeletegi 55; 20009 San Sebatian (Guipuzcoa)","Cantidad Neta: 500 g","Número de raciones por envase: 4"],"ingredients":[" Leche, nata, azúcar, nueces (1,2%), almidón modificado, estabilizantes (goma garrofín y goma xantana), aroma, caramelo y fermentos lácticos. Puede contener trazas de gluten, soja y otros frutos de cáscara."],"conservation":" Consérvese en frío (entre 1°C y 8°C)","ean":"8410981041091"},{"full_name":"KAIKU yogur griego pack 4 envase 125 g","name":"yogur griego pack 4 envase 125 g","brand":"KAIKU ","img":"https://sgfm.elcorteingles.es/SGFM/dctm/MEDIA03/201706/05/00118823001427____1__600x600.jpg","price":"2,09 €","price_unit":"(4,18 € / Kilo)","categories":["Supermercado","Lácteos","Yogures","Griegos y mousses","KAIKU yogur griego pack 4 envase 125 g"],"general_information":["Denominación del alimento: Yogur natural.","País de origen: España","Nombre del operador: Kaiku Corporación Alimentaria S.L.","Dirección del operador: Paseo de Mikeletegi 55; 20009 San Sebatian (Guipuzcoa)","Cantidad Neta: 500 g","Número de raciones por envase: 4"],"ingredients":[" Leche, nata, leche en polvo desnatada y fermentos lácticos. Puede contener trazas de soja y frutos de cáscara."],"conservation":" Consérvese en frío entre 1°C y 8°C","ean":"8410981047376"},{"full_name":"EL PASTORET DE LA SEGARRA yogur artesanal al estilo griego 0% envase 1 kg","name":"yogur artesanal al estilo griego 0% envase 1 kg","brand":"EL PASTORET DE LA SEGARRA ","img":"https://sgfm.elcorteingles.es/SGFM/dctm/MEDIA03/201707/07/00118823001377____6__600x600.jpg","price":"4,75 €","price_unit":"(4,75 € / Kilo)","categories":["Supermercado","Lácteos","Yogures","Griegos y mousses","EL PASTORET DE LA SEGARRA yogur artesanal al estilo griego 0% envase 1 kg"],"general_information":["Denominación del alimento: Yoghourt Artesanal 0%MG sin azúcar añadido","País de origen: España","Nombre del operador: El Pastoret de la Segarra, S.L","Dirección del operador: P.I Bosc del Ferran 25270 Sant Guim de Freixenet ( Lleida)","Lugar de procedencia del alimento: España","Cantidad Neta: 1 Kilogramos","Número de raciones por envase: 8","Otras menciones obligatorias en la etiqueta: SIN AZÚCARES AÑADIDOS."],"ingredients":[" Leche pasteurizada de vaca, proteínas de la leche, leche desnatada en polvo y fermentos lácticos."],"conservation":" Mantener a temperatura entra 2° y 6°C","ean":"8424790100092"},{"full_name":"EL PASTORET DE LA SEGARRA yogur artesanal al estilo griego sin azúcar añadido envase 1 kg","name":"yogur artesanal al estilo griego sin azúcar añadido envase 1 kg","brand":"EL PASTORET DE LA SEGARRA ","img":"https://sgfm.elcorteingles.es/SGFM/dctm/MEDIA03/201706/16/00118823001369____1__600x600.jpg","price":"4,75 €","price_unit":"(4,75 € / Kilo)","categories":["Supermercado","Lácteos","Yogures","Griegos y mousses","EL PASTORET DE LA SEGARRA yogur artesanal al estilo griego sin azúcar añadido envase 1 kg"],"general_information":["Denominación del alimento: Yoghourt Artesanal al estilo Griego sin azúcar añadido","País de origen: España","Nombre del operador: El Pastoret de la Segarra, S.L","Dirección del operador: P.I Bosc del Ferran 25270 Sant Guim de Freixenet ( Lleida)","Lugar de procedencia del alimento: España","Cantidad Neta: 1 Kilogramos","Número de raciones por envase: 8","Otras menciones obligatorias en la etiqueta: SIN AZÚCARES AÑADIDOS."],"ingredients":[" Leche pasteurizada de vaca, nata pasteurizada de vaca, proteínas de la leche y fermentos lácticos."],"conservation":" Mantener a temperatura entra 2° y 6°C","ean":"8424790100085"},{"full_name":"EL PASTORET DE LA SEGARRA yogur estilo griego envase 500 g","name":"yogur estilo griego envase 500 g","brand":"EL PASTORET DE LA SEGARRA ","img":"https://sgfm.elcorteingles.es/SGFM/dctm/MEDIA03/201609/08/00118823001278____1__600x600.jpg","price":"2,40 €","price_unit":"(4,80 € / Kilo)","categories":["Supermercado","Lácteos","Yogures","Griegos y mousses","EL PASTORET DE LA SEGARRA yogur estilo griego envase 500 g"],"general_information":["Denominación del alimento: Yoghourt azucarado al estilo griego","País de origen: España","Nombre del operador: El PAstoret de la Segarra, S.L.","Dirección del operador: P.I. Bosc del Ferran 25270 Sant Guim de Freixenet (Lleida)","Lugar de procedencia del alimento: España","Cantidad Neta: 500 g","Número de raciones por envase: 4"],"ingredients":[" LECHE pasteurizada de vaca, NATA pasteurizada de vaca, azúcar (7%), proteínas de la leche y fermentos lácticos."],"conservation":" Mantener a temperatura entre 2º y 6º.","ean":"8424790100276"},{"full_name":"EL PASTORET DE LA SEGARRA yogur artesanal natural estilo griego tarrina 125 g","name":"yogur artesanal natural estilo griego tarrina 125 g","brand":"EL PASTORET DE LA SEGARRA ","img":"https://sgfm.elcorteingles.es/SGFM/dctm/MEDIA03/201707/07/00118823000239____6__600x600.jpg","price":"0,75 €","price_unit":"(6 € / Kilo)","categories":["Supermercado","Lácteos","Yogures","Griegos y mousses","EL PASTORET DE LA SEGARRA yogur artesanal natural estilo griego tarrina 125 g"],"general_information":["Denominación del alimento: Yoghourt  Griego","País de origen: España","Nombre del operador: El Pastoret de la Segarra, S.L.","Dirección del operador: P.I. Bosc del Ferran 25270 Sant Guim de Freixenet (Lleida)","Lugar de procedencia del alimento: España","Cantidad Neta: 125 g","Número de raciones por envase: 1"],"ingredients":[" Leche pasteurizada de vaca, nata pasteurizada de vaca, azúcar (7%), proteínas de leche y fermentos lácticos."],"conservation":" Mantener a temperatura entre 2º y 6º C","ean":"8424790100801"},{"full_name":"EL CORTE INGLES yogur líquido L.Casei natural desnatado edulcorado pack 12 unidades 100 g","name":"yogur líquido L.Casei natural desnatado edulcorado pack 12 unidades 100 g","brand":"EL CORTE INGLES ","img":"https://sgfm.elcorteingles.es/SGFM/dctm/MEDIA03/201701/16/00118823200995____2__600x600.jpg","price":"3,00 €","price_unit":"(2,50 € / Kilo)","categories":["Supermercado","Lácteos","Yogures","L. Casei","EL CORTE INGLES yogur líquido L.Casei natural desnatado edulcorado pack 12 unidades 100 g"],"general_information":["Denominación del alimento: LECHE FERMENTADA EDULCORADA DESNATADA. CON L.CASEI Y VITAMINAS B6 Y D.","Nombre del operador: Elaborado para El Corte Inglés por\nL.N.P.L.R Guadalajara, S.L \nC /Hernán Cortés, s/n (Poligono Henares)\n 19180 Marchamalo (Guadalajara) - España","Cantidad Neta: 1200 g","Número de raciones por envase: 12"],"ingredients":[" Ingredientes: \nLeche desnatada, almidón modificado, edulcorantes: sucralosa y acesulfamo K, zumo concentrado de limón,  fermentos lácticos (con L. casei) y  vitaminas: D y B6."],"conservation":" Conservar en frÍo entre 1ºC y 8ºC","ean":"8433329068048"},{"full_name":"EL CORTE INGLES yogur líquido L.Casei sabor fresa pack 12 unidades 100 g","name":"yogur líquido L.Casei sabor fresa pack 12 unidades 100 g","brand":"EL CORTE INGLES ","img":"https://sgfm.elcorteingles.es/SGFM/dctm/MEDIA03/201701/16/00118823201001____2__600x600.jpg","price":"2,85 €","price_unit":"(2,38 € / Kilo)","categories":["Supermercado","Lácteos","Yogures","L. Casei","EL CORTE INGLES yogur líquido L.Casei sabor fresa pack 12 unidades 100 g"],"general_information":["Denominación del alimento: LECHE FERMENTADA AZUCARADA CON FRESA SEMIDESNATADA. CON L.CASEI Y VITAMINAS B6 Y D","Nombre del operador: Elaborado para El Corte Inglés por\nL.N.P.L.R Guadalajara, S.L \nC /Hernán Cortés, s/n (Poligono Henares)\n 19180 Marchamalo (Guadalajara) - España","Cantidad Neta: 1200 g","Número de raciones por envase: 12.0"],"ingredients":[" INGREDIENTES:\n\nLeche parcialmente desnatada,  azúcar (9,2%),  fresa (3%),  jarabe  de glucosa y fructosa,  aromas, almidón modificado, espesante \n(E 412), conservador (E 202), corrector de acidez (E 330), colorante (E 120), fermentos lácticos (con  L. casei), vitaminas (B6 y D)."],"conservation":" Conservar en frio entre 1ºC y 8ºC","ean":"8433329068024"},{"full_name":"EL CORTE INGLES yogur líquido L. Casei sabores 6 fresa-plátano + 6 coco-piña pack 12 unidades 100 g","name":"yogur líquido L. Casei sabores 6 fresa-plátano + 6 coco-piña pack 12 unidades 100 g","brand":"EL CORTE INGLES ","img":"https://sgfm.elcorteingles.es/SGFM/dctm/MEDIA03/201702/13/00118823201027____6__600x600.jpg","price":"2,85 €","price_unit":"(2,38 € / Kilo)","categories":["Supermercado","Lácteos","Yogures","L. Casei","EL CORTE INGLES yogur líquido L. Casei sabores 6 fresa-plátano + 6 coco-piña pack 12 unidades 100 g"],"general_information":["Denominación del alimento: LECHE FERMENTADA AZUCARADA CON FRUTAS","Nombre del operador: Elaborado para El Corte Inglés por\nL.N.P.L.R Guadalajara, S.L \nC /Hernán Cortés, s/n (Poligono Henares)\n 19180 Marchamalo (Guadalajara) - España","Cantidad Neta: 1200 g","Número de raciones por envase: 12.0"],"ingredients":[" LECHE FERMENTADA CON FRESA Y PLÁTANO SEMIDESNATADA. CON L.CASEI Y CON VITAMINAS B6 Y D\n\nINGREDIENTES:\n\nLeche semidesnatada,  azúcar (8,6%),  frutas  (2%) (fresa (1%),  plátano  (1%)),  jarabe de glucosa y fructosa,  almidón modificado  \n(E 1422),  corrector de acidez (E 330), aromas, colorante (E 120), conservador (E 202), proteínas de leche, fermentos lácticos (con L. casei), vitaminas (B6 y D).\n\n\nLECHE FERMENTADA CON COCO Y PIÑA  SEMIDESNATADA. CON L.CASEI Y CON VITAMINAS B6 Y D\n\nINGREDIENTES:\nLeche semidesnatada,  azúcar (8,6%),  frutas  (1%) (Coco (0,7%),  piña (0,3%)),  jarabe de glucosa y fructosa,  aroma, almidón modificado  (E 1422),  estabilizantes (E 440, E 412), corrector de acidez (E 330), emulgente (E 471), conservador (E 202), proteínas de leche, fermentos lácticos (con L. casei), vitaminas (B6 y D)."],"conservation":" Conservar en frio entre 1ºC y 8ºC","ean":"8433329068031"},{"full_name":"DANONE ACTIMEL Actikids yogur sabor fresa pack 14 unidades 100 ml","name":"Actikids yogur sabor fresa pack 14 unidades 100 ml","brand":"DANONE ACTIMEL ","img":"https://sgfm.elcorteingles.es/SGFM/dctm/MEDIA03/201707/10/00118823200961____16__600x600.jpg","price":"5,80 €","price_unit":"(4,14 € / Kilo)","categories":["Supermercado","Lácteos","Yogures","L. Casei","DANONE ACTIMEL Actikids yogur sabor fresa pack 14 unidades 100 ml"],"general_information":["Denominación del alimento: Leche fermentada semidesnatada con fresa. Con vitaminas D y B6.","Nombre del operador: Danone S.A.","Dirección del operador: Buenos Aires, 21 - 08029 BARCELONA","Cantidad Neta: 1400 g","Número de raciones por envase: 14"],"ingredients":[" Leche desnatada rehidratada pasteurizada, leche parcialmente desnatada pasteurizada, azúcar, pulpa de fresa procedente de concentrado (2,1%), sólidos lácteos, glucosa, aromas naturales, fermentos lácticos (fermentos de yogur y Lactobacillus casei CNCM I-1631 también conocido como DN-114001, exclusivo de Danone), colorante (antocianinas) y vitaminas (D y B6)."],"conservation":" Consérvese en frío entre 2°C y 6°C","ean":"8410500010508"},{"full_name":"DANONE ACTIMEL yogur líquido 0% natural pack 14 unidades 100 ml","name":"yogur líquido 0% natural pack 14 unidades 100 ml","brand":"DANONE ACTIMEL ","img":"https://sgfm.elcorteingles.es/SGFM/dctm/MEDIA03/201704/05/00118823200953____13__600x600.jpg","price":"5,80 €","price_unit":"(4,14 € / Kilo)","categories":["Supermercado","Lácteos","Yogures","L. Casei","DANONE ACTIMEL yogur líquido 0% natural pack 14 unidades 100 ml"],"general_information":["Denominación del alimento: Leche fermentada desnatada con vitaminas D y B6. Con azúcares y edulcorantes.","Nombre del operador: Danone S.A.","Dirección del operador: Buenos Aires, 21 - 08029 BARCELONA","Cantidad Neta: 1400 g","Número de raciones por envase: 14"],"ingredients":[" Leche desnatada rehidratada pasteurizada, Leche  desnatada pasteurizada, glucosa, estabilizante (pectina), edulcorantes (acesulfamo-K y sucralosa), fermentos lácticos (fermentos de yogur y Lactobacillus casei DN-114001 exclusivo de Danone),  aromas y vitaminas (D y B6)"],"conservation":" Consérvese en frío entre 2°C y 6°C","ean":"8410500010362"},{"full_name":"DANONE ACTIMEL yogur líquido natural pack 14 unidades 100 ml","name":"yogur líquido natural pack 14 unidades 100 ml","brand":"DANONE ACTIMEL ","img":"https://sgfm.elcorteingles.es/SGFM/dctm/MEDIA03/201705/05/00118823200946____18__600x600.jpg","price":"5,80 €","price_unit":"(4,14 € / Kilo)","categories":["Supermercado","Lácteos","Yogures","L. Casei","DANONE ACTIMEL yogur líquido natural pack 14 unidades 100 ml"],"general_information":["Denominación del alimento: Leche fermentada semidesnatada azucarada. Con vitaminas D y B6.","Nombre del operador: Danone S.A.","Dirección del operador: Buenos Aires, 21 - 08029 BARCELONA","Cantidad Neta: 1400 g","Número de raciones por envase: 14"],"ingredients":[" Leche desnatada rehidratada pasteurizada, leche parcialmente desnatada pasteurizada, azúcar (7,3%), glucosa (0,6%), sólidos lácteos, fermentos lácticos (fermentos de yogur y Lactobacillus casei CNCM I-1631 también conocido como DN-114001, exclusivo de Danone) y vitaminas (D y B6)."],"conservation":" Consérvese en frío entre 2°C y 6°C","ean":"8410500010492"},{"full_name":"DANONE ACTIMEL yogur líquido de multifrutas pack 6 unidades 100 ml","name":"yogur líquido de multifrutas pack 6 unidades 100 ml","brand":"DANONE ACTIMEL ","img":"https://sgfm.elcorteingles.es/SGFM/dctm/MEDIA03/201705/05/00118823200649____13__600x600.jpg","price":"2,99 €","price_unit":"(4,98 € / Litro)","categories":["Supermercado","Lácteos","Yogures","L. Casei","DANONE ACTIMEL yogur líquido de multifrutas pack 6 unidades 100 ml"],"general_information":["Denominación del alimento: Leche fermentada para beber con zumos de frutas concentrados. Con vitaminas D y B6.","Nombre del operador: ILTESA","Dirección del operador: Av. Bravo Murillo, 3  Bloque B - 1ª planta, 38003 Santa Cruz de Tenerife","Cantidad Neta: 600 g","Número de raciones por envase: 6","Otras menciones obligatorias en la etiqueta: Dentro de una dieta equilibrada y un estilo de vida saludable, Actimel con L. Casei Danone, contiene vitaminas D y B6, que ayudan al normal funcionamiento del sistema inmunitario. El consumo diario de Actimel, que es fuente de vitamina B6, ayuda a disminuir el cansancio y la fatiga y el normal metabolismo de la energía. Beneficio en población que desea llegar a la cantidad diaria recomendada de Vitamina B6."],"ingredients":[" Leche desnatada rehidratada pasteurizada, leche parcialmente desnatada pasteurizada, azúcar, glucosa, zumos de frutas (2,1%) a base de zumos concentrados (piña, melocotón, naranja y fresa), aroma, fermentos lácticos (fermentos de yogur y Lactobacillus casei CNCM I-1631 también conocido como DN-114001, exclusivo de Danone) y vitaminas (D y B6)."],"conservation":" Consérvese en frío entre 2°C y 6°C","ean":"8410500007836"},{"full_name":"DANONE ACTIMEL yogur líquido natural pack 6 unidades 100 ml","name":"yogur líquido natural pack 6 unidades 100 ml","brand":"DANONE ACTIMEL ","img":"https://sgfm.elcorteingles.es/SGFM/dctm/MEDIA03/201705/05/00118823200615____7__600x600.jpg","price":"2,99 €","price_unit":"(4,98 € / Litro)","categories":["Supermercado","Lácteos","Yogures","L. Casei","DANONE ACTIMEL yogur líquido natural pack 6 unidades 100 ml"],"general_information":["Denominación del alimento: Leche fermentada azucarada. Con vitaminas D y B6.","Nombre del operador: ILTESA","Dirección del operador: Av. Bravo Murillo, 3  Bloque B - 1ª planta, 38003 Santa Cruz de Tenerife","Cantidad Neta: 600 g","Número de raciones por envase: 6","Otras menciones obligatorias en la etiqueta: Dentro de una dieta equilibrada y un estilo de vida saludable, Actimel con L. Casei Danone, contiene vitaminas D y B6, que ayudan al normal funcionamiento del sistema inmunitario. El consumo diario de Actimel, que es fuente de vitamina B6, ayuda a disminuir el cansancio y la fatiga y el normal metabolismo de la energía. Beneficio en población que desea llegar a la cantidad diaria recomendada de Vitamina B6."],"ingredients":[" Leche desnatada rehidratada pasteurizada, leche parcialmente desnatada pasteurizada, azúcar (8,3%), glucosa, fermentos lácticos (fermentos de yogur y Lactobacillus casei CNCM I-1631 también conocido como DN-114001, exclusivo de Danone) y vitaminas (D y B6)."],"conservation":" Consérvese en frío entre 1°C y 8°C","ean":"0000084105554"},{"full_name":"DANONE ACTIMEL yogur líquido sabor fresa-plátano pack 6 envases 100 g","name":"yogur líquido sabor fresa-plátano pack 6 envases 100 g","brand":"DANONE ACTIMEL ","img":"https://sgfm.elcorteingles.es/SGFM/dctm/MEDIA03/201707/10/00118823200698____15__600x600.jpg","price":"2,99 €","price_unit":"(4,98 € / Litro)","categories":["Supermercado","Lácteos","Yogures","L. Casei","DANONE ACTIMEL yogur líquido sabor fresa-plátano pack 6 envases 100 g"],"general_information":["Denominación del alimento: Leche fermentada semidesnatada con fresa y plátano. Con vitaminas D y B6.","Nombre del operador: Danone S.A.","Dirección del operador: Buenos Aires, 21 - 08029 BARCELONA","Cantidad Neta: 600 g","Número de raciones por envase: 6"],"ingredients":[" Leche desnatada rehidratada pasteurizada, leche parcialmente desnatada pasteurizada, azúcar, pulpas de fresa (1,3%) y plátano (0,8%) procedentes de concentrados, sólidos lácteos, glucosa, aromas naturales, fermentos lácticos (fermentos de yogur y Lactobacillus casei CNCM I-1631 también conocido como DN-114001, exclusivo de Danone) y vitaminas (D y B6)."],"conservation":" Consérvese en frío entre 2°C y 6°C","ean":"8410500011000"},{"full_name":"DANONE ACTIMEL yogur líquido fresa pack 6 unds. 100 ml","name":"yogur líquido fresa pack 6 unds. 100 ml","brand":"DANONE ACTIMEL ","img":"https://sgfm.elcorteingles.es/SGFM/dctm/MEDIA03/201705/05/00118823200656____14__600x600.jpg","price":"2,99 €","price_unit":"(4,98 € / Litro)","categories":["Supermercado","Lácteos","Yogures","L. Casei","DANONE ACTIMEL yogur líquido fresa pack 6 unds. 100 ml"],"general_information":["Denominación del alimento: Leche fermentada para beber con fresa. Con vitaminas D y B6.","Nombre del operador: ILTESA","Dirección del operador: Av. Bravo Murillo, 3  Bloque B - 1ª planta, 38003 Santa Cruz de Tenerife","Cantidad Neta: 600 g","Número de raciones por envase: 6","Otras menciones obligatorias en la etiqueta: Dentro de una dieta equilibrada y un estilo de vida saludable, Actimel con L. Casei Danone, contiene vitaminas D y B6, que ayudan al normal funcionamiento del sistema inmunitario. El consumo diario de Actimel, que es fuente de vitamina B6, ayuda a disminuir el cansancio y la fatiga y el normal metabolismo de la energía. Beneficio en población que desea llegar a la cantidad diaria recomendada de Vitamina B6."],"ingredients":[" Leche desnatada rehidratada pasteurizada, leche parcialmente desnatada pasteurizada, azúcar, glucosa, pulpa de fresa (2,1%), aromas, fermentos lácticos (fermentos de yogur y Lactobacillus casei CNCM I-1631 también conocido como DN-114001, exclusivo de Danone) y vitaminas (D y B6)."],"conservation":" Consérvese en frío entre 2°C y 6°C","ean":"8410500008932"},{"full_name":"DANONE ACTIMEL yogur líquido desnatado 0% fresa pack 6 unds. 100 ml","name":"yogur líquido desnatado 0% fresa pack 6 unds. 100 ml","brand":"DANONE ACTIMEL ","img":"https://sgfm.elcorteingles.es/SGFM/dctm/MEDIA03/201704/05/00118823200672____8__600x600.jpg","price":"2,99 €","price_unit":"(4,98 € / Litro)","categories":["Supermercado","Lácteos","Yogures","L. Casei","DANONE ACTIMEL yogur líquido desnatado 0% fresa pack 6 unds. 100 ml"],"general_information":["Denominación del alimento: Leche fermentada desnatada con fresa. Con azúcares y edulcorantes","Nombre del operador: Danone S.A.","Dirección del operador: Buenos Aires, 21 - 08029 BARCELONA","Cantidad Neta: 600 g","Número de raciones por envase: 6"],"ingredients":[" Leche desnatada rehidratada pasteurizada, Leche  desnatada pasteurizada, fresa (2,1%), glucosa, estabilizantes (almidón modificado de tapioca, pectina), fibras solubles (oligofructosa), aromas, edulcorantes (acesulfamo-K y sucralosa), fermentos lácticos (fermentos de yogur y Lactobacillus casei DN-114001 exclusivo de Danone) y vitaminas (D y B6)."],"conservation":" Consérvese en frío entre 2°C y 6°C","ean":"8410500009649"},{"full_name":"DANONE ACTIMEL yogur líquido natural 0% materia grasa pack 6 unidades 100 ml","name":"yogur líquido natural 0% materia grasa pack 6 unidades 100 ml","brand":"DANONE ACTIMEL ","img":"https://sgfm.elcorteingles.es/SGFM/dctm/MEDIA03/201704/05/00118823200631____8__600x600.jpg","price":"2,99 €","price_unit":"(4,98 € / Litro)","categories":["Supermercado","Lácteos","Yogures","L. Casei","DANONE ACTIMEL yogur líquido natural 0% materia grasa pack 6 unidades 100 ml"],"general_information":["Denominación del alimento: Leche fermentada desnatada con vitaminas D y B6. Con azúcares y edulcorantes.","Nombre del operador: ILTESA","Dirección del operador: Av. Bravo Murillo, 3  Bloque B - 1ª planta, 38003 Santa Cruz de Tenerife","Cantidad Neta: 600 g","Número de raciones por envase: 6"],"ingredients":[" Leche desnatada rehidratada pasteurizada, Leche  desnatada pasteurizada, glucosa, estabilizante (pectina), edulcorantes (acesulfamo-K y sucralosa), fermentos lácticos (fermentos de yogur y Lactobacillus casei DN-114001 exclusivo de Danone),  aromas y vitaminas (D y B6)"],"conservation":" Consérvese en frío entre 2°C y 6°C","ean":"8410500006020"},{"full_name":"DANONE ACTIMEL yogur líquido con granada, arándanos y extracto de maca pack 5 unidades 100 g","name":"yogur líquido con granada, arándanos y extracto de maca pack 5 unidades 100 g","brand":"DANONE ACTIMEL ","img":"https://sgfm.elcorteingles.es/SGFM/dctm/MEDIA03/201705/04/00118823201035____1__600x600.jpg","price":"2,99 €","price_unit":"(5,98 € / Kilo)","categories":["Supermercado","Lácteos","Yogures","L. Casei","DANONE ACTIMEL yogur líquido con granada, arándanos y extracto de maca pack 5 unidades 100 g"],"general_information":["Denominación del alimento: Leche fermentada semidesnatada con granada y arándanos y aromatizada con extracto de maca. Con vitaminas D y B6.","Nombre del operador: Danone S.A","Dirección del operador: Buenos Aires, 21 - 08029 BARCELONA","Cantidad Neta: 500 g","Número de raciones por envase: 5","Otras menciones obligatorias en la etiqueta: Dentro de una dieta equilibrada y un estilo de vida saludable, Actimel con L. Casei Danone, contiene vitaminas D y B6, que ayudan al normal funcionamiento del sistema inmunitario.El consumo diario de Actimel, que es fuente de vitamina B6, ayuda a disminuir el cansancio y la fatiga y el normal metabolismo de la energía. Beneficio en población que desea llegar a la cantidad diaria recomendada de Vitamina B6."],"ingredients":[" Leche desnatada rehidratada pasteurizada, leche parcialmente desnatada pasteurizada, azúcar, zumo de granada (1%) y pulpa de arándanos (1%) a partir de concentrados, glucosa, sólidos lácteos, aroma natural [extracto de maca (0,1%)] y aroma natural a granada, concentrado de zanahoria negra, fermentos lácticos (fermentos de yogur y Lactobacillus casei CNCM I-1631 también conocido como DN-114001, exclusivo de Danone) y vitaminas (D y B6)."],"conservation":" Consérvese en frío entre 2°C y 6°C","ean":"8410500020729"},{"full_name":"DANONE ACTIMEL yogur líquido con ginseng desnatado 0% M.G. pack 5 unidades 100 g","name":"yogur líquido con ginseng desnatado 0% M.G. pack 5 unidades 100 g","brand":"DANONE ACTIMEL ","img":"https://sgfm.elcorteingles.es/SGFM/dctm/MEDIA03/201705/04/00118823201043____1__600x600.jpg","price":"2,99 €","price_unit":"(5,98 € / Kilo)","categories":["Supermercado","Lácteos","Yogures","L. Casei","DANONE ACTIMEL yogur líquido con ginseng desnatado 0% M.G. pack 5 unidades 100 g"],"general_information":["Denominación del alimento: Leche fermentada desnatada aromatizada con extracto de ginseng y con vitaminas D, B6, B9 y B12. Con azúcar (glucosa) y edulcorantes.","Nombre del operador: Danone S.A","Dirección del operador: Buenos Aires, 21 - 08029 BARCELONA","Cantidad Neta: 500 g","Número de raciones por envase: 5","Otras menciones obligatorias en la etiqueta: Dentro de una dieta equilibrada y un estilo de vida saludable, Actimel con L. Casei Danone, contiene vitaminas D y B6, que ayudan al normal funcionamiento del sistema inmunitario.El consumo diario de Actimel, que es fuente de vitamina B6, ayuda a disminuir el cansancio y la fatiga y el normal metabolismo de la energía. Beneficio en población que desea llegar a la cantidad diaria recomendada de Vitamina B6. // Debe evitarse el consumo superior a una porción al día. Debe evitarse el consumo de otros suplementos alimenticios que contengan Ginseng. No se recomienda el consumo para niños, mujeres embarazadas o en período de lactancia y población bajo tratamiento médico."],"ingredients":[" Leche desnatada rehidratada pasteurizada, leche desnatada pasteurizada, glucosa, estabilizador (pectina), aroma natural [extracto de ginseng (0,1%)], edulcorantes (acesulfamo K y sucralosa), fermentos lácticos (fermentos de yogur y Lactobacillus casei DN-114001 exclusivo de Danone),  aromas y vitaminas (D, B6, B9 y B12)."],"conservation":" Consérvese en frío entre 2°C y 6°C","ean":"8410500020736"},{"full_name":"DANONE ACTIMEL yogur líquido con jalea real y avena pack 5 unidades 100 g","name":"yogur líquido con jalea real y avena pack 5 unidades 100 g","brand":"DANONE ACTIMEL ","img":"https://sgfm.elcorteingles.es/SGFM/dctm/MEDIA03/201705/04/00118823201050____1__600x600.jpg","price":"2,99 €","price_unit":"(29,90 € / Kilo)","categories":["Supermercado","Lácteos","Yogures","L. Casei","DANONE ACTIMEL yogur líquido con jalea real y avena pack 5 unidades 100 g"],"general_information":["Denominación del alimento: Leche fermentada semidesnatada con jalea real y avena. Con vitaminas D y B6.","Nombre del operador: Danone S.A","Dirección del operador: Buenos Aires, 21 - 08029 BARCELONA","Cantidad Neta: 500 g","Número de raciones por envase: 5","Otras menciones obligatorias en la etiqueta: Dentro de una dieta equilibrada y un estilo de vida saludable, Actimel con L. Casei Danone, contiene vitaminas D y B6, que ayudan al normal funcionamiento del sistema inmunitario.El consumo diario de Actimel, que es fuente de vitamina B6, ayuda a disminuir el cansancio y la fatiga y el normal metabolismo de la energía. Beneficio en población que desea llegar a la cantidad diaria recomendada de Vitamina B6."],"ingredients":[" Leche desnatada rehidratada pasteurizada, leche parcialmente desnatada pasteurizada, azúcar, jarabe de azúcar quemado, glucosa, harina de avena sin gluten (0,3%), jalea real (0,1%), sólidos lácteos, aromas naturales, fermentos lácticos (fermentos de yogur y Lactobacillus casei CNCM I-1631 también conocido como DN-114001, exclusivo de Danone) y vitaminas (D y B6)."],"conservation":" Consérvese en frío entre 2°C y 6°C","ean":"8410500020712"},{"full_name":"YARANZA yogur líquido L.Casei smothie mango botella 200 g","name":"yogur líquido L.Casei smothie mango botella 200 g","brand":"YARANZA ","img":"https://sgfm.elcorteingles.es/SGFM/dctm/MEDIA03/201709/21/00118823200714____1__600x600.jpg","price":"1,45 €","price_unit":"(7,25 € / Kilo)","categories":["Supermercado","Lácteos","Yogures","L. Casei","YARANZA yogur líquido L.Casei smothie mango botella 200 g"],"general_information":["Denominación del alimento: Smoothie Mango","Nombre del operador: Lácteos Yaranza, S.L.","Dirección del operador: Carretera Corbillos, 20 - 24227 Valdelafuente (León)","Cantidad Neta: 200,0 g"],"ingredients":[" Leche de vaca, azúcar, puré de mango (Agua, puré concentrado de mango, puré de mango, fructosa, goma de algarrobo) y fermentos lácteos (Lactobacillus paracasei subsp. paracasei, Streptococcus thermophilus y Lactobacillus delbrueckii Subsp. bulgaricus). Puede contener trazas de frutos de cáscara, restos de la linea de producción."],"conservation":" Refrigeración entre 1°C y 8°C . Una vez abierto, consumir antes de una semana, siempre que no se supere la fecha de caducidad.","ean":"8435143350002"},{"full_name":"DANONE DENSIA Forte yogur líquido con calcio y vitamina D con sabor a fresa 0% materia grasa pack 4 unidades 100 g","name":"Forte yogur líquido con calcio y vitamina D con sabor a fresa 0% materia grasa pack 4 unidades 100 g","brand":"DANONE DENSIA ","img":"https://sgfm.elcorteingles.es/SGFM/dctm/MEDIA03/201704/28/00118823401247____6__600x600.jpg","price":"1,41 €","price_unit":"(3,52 € / Kilo)","categories":["Supermercado","Lácteos","Yogures","Yogur calcio","DANONE DENSIA Forte yogur líquido con calcio y vitamina D con sabor a fresa 0% materia grasa pack 4 unidades 100 g"],"general_information":["Denominación del alimento: Especialidad láctea fermentada desnatada con zumo de fresa. Con azúcar y edulcorantes.","Nombre del operador: Danone S.A","Dirección del operador: Buenos Aires, 21 - 08029 BARCELONA","Cantidad Neta: 400 g","Número de raciones por envase: 4","Otras menciones obligatorias en la etiqueta: No recomendado para niños menores de 10 años."],"ingredients":[" Leche semidesnatada pasteurizada, agua,  azúcar (2,9%), leche en polvo desnatada, citratos de calcio, zumo de fresa a partir de concentrado (1%), polidextrosa, aromas, edulcorantes (acesulfamo K y sucralosa), fermentos lácticos, vitamina D y colorante (carmines)."],"conservation":" Consérvese en frío entre 2°C y 6°C","ean":"8410500019570"},{"full_name":"DANONE DENSIA yogur natural con calcio edulcorado 0% Materia Grasa pack 4 unidades 120 g","name":"yogur natural con calcio edulcorado 0% Materia Grasa pack 4 unidades 120 g","brand":"DANONE DENSIA ","img":"https://sgfm.elcorteingles.es/SGFM/dctm/MEDIA03/201610/20/00118823401106____2__600x600.jpg","price":"1,69 €","price_unit":"(3,52 € / Kilo)","categories":["Supermercado","Lácteos","Yogures","Yogur calcio","DANONE DENSIA yogur natural con calcio edulcorado 0% Materia Grasa pack 4 unidades 120 g"],"general_information":["Denominación del alimento: Leche fermentada desnatada con edulcorantes","Nombre del operador: ILTESA","Dirección del operador: Av. Bravo Murillo, 3  Bloque B - 1ª planta, 38003 Santa Cruz de Tenerife","Cantidad Neta: 480 g","Número de raciones por envase: 4","Otras menciones obligatorias en la etiqueta: No recomendado para niños menores de 10 años"],"ingredients":[" Leche desnatada en polvo rehidratada, citratos de calcio, polidextrosa, edulcorantes (acesulfamo K y sucralosa), conservante (E202), fermentos lácticos y vitamina D."],"conservation":" Consérvese en frío entre 2°C y 6°C","ean":"8410500018955"},{"full_name":"DANONE DENSIA yogur con calcio sabor fresa 0% Materia Grasas pack 4 unidades 120 g","name":"yogur con calcio sabor fresa 0% Materia Grasas pack 4 unidades 120 g","brand":"DANONE DENSIA ","img":"https://sgfm.elcorteingles.es/SGFM/dctm/MEDIA03/201610/20/00118823401098____2__600x600.jpg","price":"1,69 €","price_unit":"(3,52 € / Kilo)","categories":["Supermercado","Lácteos","Yogures","Yogur calcio","DANONE DENSIA yogur con calcio sabor fresa 0% Materia Grasas pack 4 unidades 120 g"],"general_information":["Denominación del alimento: Leche fermentada desnatada sabor fresa con azúcar y edulcorantes","Nombre del operador: Danone S.A","Dirección del operador: Buenos Aires, 21 - 08029 BARCELONA","Cantidad Neta: 480 g","Número de raciones por envase: 4","Otras menciones obligatorias en la etiqueta: No recomendado para niños menores de 10 años"],"ingredients":[" Leche desnatada, leche en polvo desnatada, azúcar (3,6%), citratos de calcio, aroma, edulcorantes (acesulfamo K y sucralosa), fermentos lácticos, colorante (carmín) y vitamina D"],"conservation":" Consérvese en frío entre 2°C y 6°C","ean":"8410500018948"},{"full_name":"EL CANTERO DE LETUR yogur natural de leche de vaca ecológico sin lactosa desnatado pack 2 unidades 125 g","name":"yogur natural de leche de vaca ecológico sin lactosa desnatado pack 2 unidades 125 g","brand":"EL CANTERO DE LETUR ","img":"https://sgfm.elcorteingles.es/SGFM/dctm/MEDIA03/201707/07/00118822300259____2__600x600.jpg","price":"1,99 €","price_unit":"(7,96 € / Kilo)","categories":["Supermercado","Lácteos","Yogures","Yogur sin lactosa","EL CANTERO DE LETUR yogur natural de leche de vaca ecológico sin lactosa desnatado pack 2 unidades 125 g"],"general_information":["Denominación del alimento: Yogur de vaca sin lactosa desnatado","Nombre del operador: Quesos Artesanos de Letur, S.A.","Dirección del operador: Ctra. Nerpio Km 1, 02434 Letur (Albacete)","Otras menciones obligatorias en la etiqueta: Producto ecológico"],"ingredients":[" Leche desnatada pasteurizada de vaca, lactasa y fermentos lácticos."],"conservation":" Conservar entre 1°C y 8°C","ean":"8437012799264"},{"full_name":"EL CANTERO DE LETUR yogur de leche de vaca natural ecológico sin lactosa pack 2 unidades 125 g","name":"yogur de leche de vaca natural ecológico sin lactosa pack 2 unidades 125 g","brand":"EL CANTERO DE LETUR ","img":"https://sgfm.elcorteingles.es/SGFM/dctm/MEDIA03/201707/07/00118822000362____3__600x600.jpg","price":"2,07 €","price_unit":"(16,56 € / Kilo)","categories":["Supermercado","Lácteos","Yogures","Yogur sin lactosa","EL CANTERO DE LETUR yogur de leche de vaca natural ecológico sin lactosa pack 2 unidades 125 g"],"general_information":["Denominación del alimento: Yogur de vaca sin lactosa","Nombre del operador: Quesos Artesanos de Letur, S.A.","Dirección del operador: Ctra. Nerpio Km 1, 02434 Letur (Albacete)","Otras menciones obligatorias en la etiqueta: Producto ecológico"],"ingredients":[" Leche entera de vaca pasteurizada, lactasa y fermentos lácticos."],"conservation":" Conservar entre 1°C y 8°C","ean":"8437012799257"},{"full_name":"KAIKU SIN LACTOSA Mix yogur natural y muesli envase 175 g","name":"Mix yogur natural y muesli envase 175 g","brand":"KAIKU SIN LACTOSA ","img":"https://sgfm.elcorteingles.es/SGFM/dctm/MEDIA03/201603/31/00118821400381____1__600x600.jpg","price":"1,39 €","price_unit":"(7,94 € / Kilo)","categories":["Supermercado","Lácteos","Yogures","Yogur sin lactosa","KAIKU SIN LACTOSA Mix yogur natural y muesli envase 175 g"],"general_information":["Denominación del alimento: Leche fermentada azucarada sin lactosa y muesli.","País de origen: España","Nombre del operador: Kaiku Corporación Alimentaria S.L.","Dirección del operador: Paseo de Mikeletegi 55; 20009 San Sebatian (Guipuzcoa)","Cantidad Neta: 175 g","Número de raciones por envase: 1","Otras menciones obligatorias en la etiqueta: No apto para alérgicos a la proteína de leche de vaca."],"ingredients":[" Leche parcialmente desnatada, azúcar (5,2%), leche en polvo desnatada, almidón modificado, enzima lactasa y fermentos lácticos. Preparado de muesli(8,6%): Copos de avena, jarabe de glucosa y fructosa, azúcar, aceite de girasol, copos de trigo, arroz extrudido (harina de arroz, azúcar y sal), coco desecado y sal."],"conservation":" Conservar en frío entre 1°C y 8°C","ean":"8432425048718"},{"full_name":"KAIKU SIN LACTOSA Mix yogur de fresa y muesli envase 175 g","name":"Mix yogur de fresa y muesli envase 175 g","brand":"KAIKU SIN LACTOSA ","img":"https://sgfm.elcorteingles.es/SGFM/dctm/MEDIA03/201603/31/00118821400399____1__600x600.jpg","price":"1,39 €","price_unit":"(7,94 € / Kilo)","categories":["Supermercado","Lácteos","Yogures","Yogur sin lactosa","KAIKU SIN LACTOSA Mix yogur de fresa y muesli envase 175 g"],"general_information":["Denominación del alimento: Leche fermentada sin lactosa con fresa y muesli.","País de origen: España","Nombre del operador: Kaiku Corporación Alimentaria S.L.","Dirección del operador: Paseo de Mikeletegi 55; 20009 San Sebatian (Guipuzcoa)","Cantidad Neta: 175 g","Número de raciones por envase: 1","Otras menciones obligatorias en la etiqueta: No apto para alérgicos a la proteína de leche de vaca."],"ingredients":[" Leche parcialmente desnatada, azúcar, fresa (9,3%), leche en polvo desnatada, almidón modificado, aroma, colorante (antocianinas), corrector de acidez (ácido cítrico), enzima lactasa y fermentos lácticos. Preparado de muesli(8,6%): Copos de avena, jarabe de glucosa y fructosa, azúcar, aceite de girasol, copos de trigo, arroz extrudido (harina de arroz, azúcar y sal), coco desecado y sal."],"conservation":" Conservar en frío entre 1°C y 8°C","ean":"8432425048725"},{"full_name":"KAIKU SIN LACTOSA Mix yogur con melocotón, maracuyá y muesli envase 175 g","name":"Mix yogur con melocotón, maracuyá y muesli envase 175 g","brand":"KAIKU SIN LACTOSA ","img":"https://sgfm.elcorteingles.es/SGFM/dctm/MEDIA03/201704/20/00118821400415____1__600x600.jpg","price":"1,39 €","price_unit":"(7,94 € / Kilo)","categories":["Supermercado","Lácteos","Yogures","Yogur sin lactosa","KAIKU SIN LACTOSA Mix yogur con melocotón, maracuyá y muesli envase 175 g"],"general_information":["Denominación del alimento: Leche fermentada desnatada con melocotón y maracuya y muesli, sin lactosa.","País de origen: España","Nombre del operador: Kaiku Corporación Alimentaria S.L.","Dirección del operador: Paseo de Mikeletegi 55; 20009 San Sebatian (Guipuzcoa)","Cantidad Neta: 175 g","Número de raciones por envase: 1","Otras menciones obligatorias en la etiqueta: No apto para alérgicos a la proteína de leche de vaca."],"ingredients":[" Leche desnatada, azúcar, jarabe de glucosa y fructosa, leche desnatada en polvo, melocotón (2,5%), almidón modificado, zumo de maracuyá a base de concentrado (1,1%), aromas, colorante (carotenos), estabilizante (pectina), enzima lactasa y fermentos lácticos. Preparado de muesli(8,6%): Copos de avena, jarabe de glucosa y fructosa, azúcar, aceite de girasol, copos de trigo, arroz extrudido (harina de arroz, azúcar y sal), coco desecado y sal."],"conservation":" Conservar en frío entre 1°C y 8°C","ean":"8432425048855"},{"full_name":"KAIKU SIN LACTOSA yogur natural azucarado sin lactosa pack 6 unidades 125 g","name":"yogur natural azucarado sin lactosa pack 6 unidades 125 g","brand":"KAIKU SIN LACTOSA ","img":"https://sgfm.elcorteingles.es/SGFM/dctm/MEDIA02/CONTENIDOS/201410/17/00118823401072____1__600x600.jpg","price":"2,52 €","price_unit":"(3,36 € / Kilo)","categories":["Supermercado","Lácteos","Yogures","Yogur sin lactosa","KAIKU SIN LACTOSA yogur natural azucarado sin lactosa pack 6 unidades 125 g"],"general_information":["Denominación del alimento: Leche fermentada azucarada sin lactosa.","País de origen: España","Nombre del operador: Kaiku Corporación Alimentaria S.L.","Dirección del operador: Paseo de Mikeletegi 55; 20009 San Sebatian (Guipuzcoa)","Cantidad Neta: 750 g","Número de raciones por envase: 6","Otras menciones obligatorias en la etiqueta: Kaiku te recomienda mantener una dieta sana y equilibrada dentro de un estilo de vida saludable. No apto para alérgicos a la proteína de la leche de vaca."],"ingredients":[" Leche desnatada, nata, azúcar (6,4%), gelatina, proteínas de la leche, enzima lactasa y fermentos lácticos. Puede contener trazas de soja."],"conservation":" Consérvese en frío (entre 1°C y 8°C)","ean":"8432425046615"},{"full_name":"KAIKU SIN LACTOSA yogur líquido con sabor fresa y plátano pack 6 unidades 65 ml","name":"yogur líquido con sabor fresa y plátano pack 6 unidades 65 ml","brand":"KAIKU SIN LACTOSA ","img":"https://sgfm.elcorteingles.es/SGFM/dctm/MEDIA02/CONTENIDOS/201507/03/00118823400850____1__600x600.jpg","price":"2,62 €","price_unit":"(6,72 € / Litro)","categories":["Supermercado","Lácteos","Yogures","Yogur sin lactosa","KAIKU SIN LACTOSA yogur líquido con sabor fresa y plátano pack 6 unidades 65 ml"],"general_information":["Denominación del alimento: Leche  desnatada fermentada con LGG (Lactobacillus Gorbach y Goldin), con zumo de plátano y de fresa enriquecida en vitaminas B6 y B9 (ácido fólico). Sin lactosa.","País de origen: España","Nombre del operador: Kaiku Corporación Alimentaria S.L.","Dirección del operador: Paseo de Mikeletegi 55; 20009 San Sebatian (Guipuzcoa)","Cantidad Neta: 390 Mililitros","Número de raciones por envase: 6","Otras menciones obligatorias en la etiqueta: Contiene vitaminas B6 y B9 (ácido fólico) que contribuyen a un funcionamiento normal del sistema inmunológico. Una dieta variada y equilibrada te ayudará a sentirte bien cada día, siendo recomendable realizar ejercicio, siempre adaptado a tu condición física. No apto para alérgicos a la proteína de la leche de vaca."],"ingredients":[" Leche desnatada, azúcares (jarabe de glucosa-fructosa, jarabe de glucosa, fructosa), zumo de plátano (2,5%), zumo de fresa (2,5%), almidón modificado de maíz, fibra alimentaria (oligofructosa), leche en polvo desnatada y/o proteínas de la leche, lactasa, aromas, colorante (carmín), vitaminas B6 y B9 (ácido fólico), LGG y otros fermentos lácticos."],"conservation":" Conservar en frío entre 1°C y 8°C","ean":"8432425045168"},{"full_name":"KAIKU SIN LACTOSA yogur natural desnatado 0% materia grasa pack 4 unidades 125 g","name":"yogur natural desnatado 0% materia grasa pack 4 unidades 125 g","brand":"KAIKU SIN LACTOSA ","img":"https://sgfm.elcorteingles.es/SGFM/00/94/2/0118823400942/0118823400942000g01011.jpg","price":"1,61 €","price_unit":"(3,22 € / Kilo)","categories":["Supermercado","Lácteos","Yogures","Yogur sin lactosa","KAIKU SIN LACTOSA yogur natural desnatado 0% materia grasa pack 4 unidades 125 g"],"general_information":["Denominación del alimento: Leche desnatada fermentada sin lactosa.","País de origen: España","Nombre del operador: Kaiku Corporación Alimentaria S.L.","Dirección del operador: Paseo de Mikeletegi 55; 20009 San Sebatian (Guipuzcoa)","Cantidad Neta: 500 g","Número de raciones por envase: 4","Otras menciones obligatorias en la etiqueta: Kaiku te recomienda mantener una dieta sana y equilibrada dentro de un estilo de vida saludable. No apto para alérgicos a la proteína de la leche de vaca."],"ingredients":[" Leche desnatada, leche en polvo desnatada, enzima lactasa, gelatina y fermentos lácticos. Puede contener trazas de soja."],"conservation":" Consérvese en frío (entre 1°C y 8°C)","ean":"8432425045403"},{"full_name":"KAIKU SIN LACTOSA yogur desnatado 0% materia grasa con piña pack 4 unidades 125 g","name":"yogur desnatado 0% materia grasa con piña pack 4 unidades 125 g","brand":"KAIKU SIN LACTOSA ","img":"https://sgfm.elcorteingles.es/SGFM/dctm/MEDIA03/201602/24/00201023401324____2__600x600.jpg","price":"1,61 €","price_unit":"(3,22 € / Kilo)","categories":["Supermercado","Lácteos","Yogures","Yogur sin lactosa","KAIKU SIN LACTOSA yogur desnatado 0% materia grasa con piña pack 4 unidades 125 g"],"general_information":["Denominación del alimento: Leche desnatada fermentada sin lactosa, con piña. Con fructosa y edulcorantes.","País de origen: España","Nombre del operador: Kaiku Corporación Alimentaria S.L.","Dirección del operador: Paseo de Mikeletegi 55; 20009 San Sebatian (Guipuzcoa)","Cantidad Neta: 500 g","Número de raciones por envase: 4","Otras menciones obligatorias en la etiqueta: Contiene una fuente de fenilalanina.# No apto para alérgicos a la proteína de la leche de vaca."],"ingredients":[" Leche desnatada, preparado fruta piña [piña (6,8%), agua, edulcorantes (aspartamo y acesulfamo potásico), fructosa, almidón modificado, aroma, corrector de acidez (ácido cítrico)], leche en polvo desnatada, enzima lactasa, gelatina, edulcorantes (aspartamo y acesulfamo potásico) y fermentos lácticos. Contiene una fuente de fenilalanina. Puede contener trazas de soja y frutos de cáscara."],"conservation":" Consérvese en frío (entre 1°C y 8°C)","ean":"8432425048657"},{"full_name":"KAIKU SIN LACTOSA yogur desnatado 0% materia grasa con melocotón pack 4 unidades 125 g","name":"yogur desnatado 0% materia grasa con melocotón pack 4 unidades 125 g","brand":"KAIKU SIN LACTOSA ","img":"https://sgfm.elcorteingles.es/SGFM/dctm/MEDIA02/CONTENIDOS/201510/05/00118823401239____1__600x600.jpg","price":"1,61 €","price_unit":"(3,22 € / Kilo)","categories":["Supermercado","Lácteos","Yogures","Yogur sin lactosa","KAIKU SIN LACTOSA yogur desnatado 0% materia grasa con melocotón pack 4 unidades 125 g"],"general_information":["Denominación del alimento: Leche desnatada fermentada sin lactosa, con melocotón. Con edulcorantes.","País de origen: España","Nombre del operador: Kaiku Corporación Alimentaria S.L.","Dirección del operador: Paseo de Mikeletegi 55; 20009 San Sebatian (Guipuzcoa)","Cantidad Neta: 500 g","Número de raciones por envase: 4","Otras menciones obligatorias en la etiqueta: Contiene una fuente de fenilalanina.# No apto para alérgicos a la proteína de la leche de vaca."],"ingredients":[" Leche desnatada, preparado fruta melocotón [melocotón (6,8%), agua, edulcorantes (aspartamo y acesulfamo potásico), almidón modificado, aroma, colorantes (carotenos y extracto de pimentón), corrector de acidez (ácido cítrico)], leche en polvo desnatada, enzima lactasa, gelatina, edulcorantes (aspartamo y acesulfamo potásico) y fermentos lácticos. Contiene una fuente de fenilalanina. Puede contener trazas de soja y frutos de cáscara."],"conservation":" Consérvese en frío (entre 1°C y 8°C)","ean":"8432425048664"},{"full_name":"KAIKU SIN LACTOSA yogur desnatado 0% materia grasa con frambuesas pack 4 unidades 125 g","name":"yogur desnatado 0% materia grasa con frambuesas pack 4 unidades 125 g","brand":"KAIKU SIN LACTOSA ","img":"https://sgfm.elcorteingles.es/SGFM/00/95/9/0118823400959/0118823400959000g01011.jpg","price":"1,61 €","price_unit":"(3,22 € / Kilo)","categories":["Supermercado","Lácteos","Yogures","Yogur sin lactosa","KAIKU SIN LACTOSA yogur desnatado 0% materia grasa con frambuesas pack 4 unidades 125 g"],"general_information":["Denominación del alimento: Leche desnatada fermentada sin lactosa, con frambuesa. Con edulcorantes.","País de origen: España","Nombre del operador: Kaiku Corporación Alimentaria S.L.","Dirección del operador: Paseo de Mikeletegi 55; 20009 San Sebatian (Guipuzcoa)","Cantidad Neta: 500 g","Número de raciones por envase: 4","Otras menciones obligatorias en la etiqueta: Contiene una fuente de fenilalanina.#Kaiku te recomienda mantener una dieta sana y equilibrada dentro de un estilo de vida saludable. No apto para alérgicos a la proteína de la leche de vaca."],"ingredients":[" Leche desnatada, frambuesa (7,4%), leche en polvo desnatada, enzima lactasa, gelatina, almidón modificado de maíz, aroma, edulcorantes (aspartamo y acesulfamo potáscio), corrector de acidez (citrato de sodio), espesante (pectina), colorante (carmín) y fermentos lácticos. Contiene una fuente de fenilalanina. Puede contener trazas de soja y frutos de cáscara."],"conservation":" Consérvese en frío (entre 1°C y 8°C)","ean":"8432425045410"},{"full_name":"KAIKU SIN LACTOSA yogur sabor fresa sin lactosa pack 6 unidades 125 g","name":"yogur sabor fresa sin lactosa pack 6 unidades 125 g","brand":"KAIKU SIN LACTOSA ","img":"https://sgfm.elcorteingles.es/SGFM/dctm/MEDIA02/CONTENIDOS/201410/17/00118823401080____1__600x600.jpg","price":"2,52 €","price_unit":"(3,36 € / Kilo)","categories":["Supermercado","Lácteos","Yogures","Yogur sin lactosa","KAIKU SIN LACTOSA yogur sabor fresa sin lactosa pack 6 unidades 125 g"],"general_information":["Denominación del alimento: Leche fermentada sin lactosa, sabor a fresa.","País de origen: España","Nombre del operador: Kaiku Corporación Alimentaria S.L.","Dirección del operador: Paseo de Mikeletegi 55; 20009 San Sebatian (Guipuzcoa)","Cantidad Neta: 750 g","Número de raciones por envase: 6","Otras menciones obligatorias en la etiqueta: Kaiku te recomienda mantener una dieta sana y equilibrada dentro de un estilo de vida saludable. No apto para alérgicos a la proteína de la leche de vaca."],"ingredients":[" Leche desnatada, nata, azúcar, gelatina, proteínas de la leche, enzima lactasa, aroma, colorante (carmín) y fermentos lácticos. Puede contener trazas de soja."],"conservation":" Consérvese en frío (entre 1°C y 8°C)","ean":"8432425046639"},{"full_name":"KAIKU SIN LACTOSA yogur líquido natural sin lactosa 0% M.G. envase 750 ml","name":"yogur líquido natural sin lactosa 0% M.G. envase 750 ml","brand":"KAIKU SIN LACTOSA ","img":"https://sgfm.elcorteingles.es/SGFM/dctm/MEDIA02/CONTENIDOS/201505/21/00118820502831____1__600x600.jpg","price":"1,55 €","price_unit":"(2,07 € / Litro)","categories":["Supermercado","Lácteos","Yogures","Yogur sin lactosa","KAIKU SIN LACTOSA yogur líquido natural sin lactosa 0% M.G. envase 750 ml"],"general_information":["Denominación del alimento: Leche desnatada fermentada sin lactosa con edulcorantes.","País de origen: Francia","Nombre del operador: Kaiku Corporación Alimentaria S.L.","Dirección del operador: Paseo de Mikeletegi 55; 20009 San Sebatian (Guipuzcoa)","Cantidad Neta: 750 g","Otras menciones obligatorias en la etiqueta: Kaiku te recomienda mantener una dieta sana y equilibrada dentro de un estilo de vida saludable. No apto para alérgicos a la proteína de la leche de vaca."],"ingredients":[" Leche desnatada, enzima lactasa, edulcorantes (acesulfamo potásico y sucralosa) y fermentos lácticos."],"conservation":" Consérvese en frío entre 1°C y 8°C","ean":"8432425099703"},{"full_name":"DHUL yogur griego stracciatella sin lactosa pack 2 unidades 125 g","name":"yogur griego stracciatella sin lactosa pack 2 unidades 125 g","brand":"DHUL ","img":"https://sgfm.elcorteingles.es/SGFM/dctm/MEDIA03/201708/31/00118823001013____6__600x600.jpg","price":"1,24 €","price_unit":"(4,96 € / Kilo)","categories":["Supermercado","Lácteos","Yogures","Yogur sin lactosa","DHUL yogur griego stracciatella sin lactosa pack 2 unidades 125 g"],"general_information":["Denominación del alimento: Leche fermentada estilo yogur griego stracciatella, sin  lactosa","País de origen: España","Nombre del operador: Andros Granada, SLU","Dirección del operador: Avda. de  Andalucia s/n. 18015 Granada ( España )","Cantidad Neta: 250 g","Número de raciones por envase: 2"],"ingredients":[" Leche entera, nata, azúcar, agua, copos de chocolate ( 2,3%) ( pasta de cacao, manteca de cacao y azúcar), jarabe de glucosa, aroma, almidón modificado, espesantes: goma xantana y pectina, enzima lactasa, fermentos lácticos (leche) y proteínas de la leche."],"conservation":" Consérvese en  frío (entre 1 °C y 8 °C).","ean":"8412800005574"},{"full_name":"DHUL sin lactosa yogur líquido con fresa y plátano envase 700 g","name":"sin lactosa yogur líquido con fresa y plátano envase 700 g","brand":"DHUL ","img":"https://sgfm.elcorteingles.es/SGFM/dctm/MEDIA03/201708/31/00118820502815____2__600x600.jpg","price":"1,65 €","price_unit":"(2,36 € / Kilo)","categories":["Supermercado","Lácteos","Yogures","Yogur sin lactosa","DHUL sin lactosa yogur líquido con fresa y plátano envase 700 g"],"general_information":["Denominación del alimento: Leche fermentada azucarada para beber con fresa y plátano, sin lactosa.","País de origen: España","Nombre del operador: Andros Granada, SLU","Dirección del operador: Avda. de  Andalucia s/n. 18015 Granada ( España )","Cantidad Neta: 700 g","Número de raciones por envase: 5"],"ingredients":[" Leche parcialmente desnatada, azúcar 10,1%, zumo de fresa 1%, zumo de plátano 1%, jarabe de glucosa, enzima lactasa, aromas, fermentos lácticos (leche), espesante: E415, colorantes: E163 y E161b, proteínas de la leche."],"conservation":" Consérvese en  frío (entre 1 °C y 8 °C).","ean":"8412800005529"},{"full_name":"LARSA yogur natural azucarado sin lactosa tarrina 125 g","name":"yogur natural azucarado sin lactosa tarrina 125 g","brand":"LARSA ","img":"https://sgfm.elcorteingles.es/SGFM/dctm/MEDIA03/201709/06/00118823400918____1__600x600.jpg","price":"0,40 €","price_unit":"(3,20 € / Kilo)","categories":["Supermercado","Lácteos","Yogures","Yogur sin lactosa","LARSA yogur natural azucarado sin lactosa tarrina 125 g"],"general_information":["Denominación del alimento: Leche fermentada azucarada sin lactosa","Nombre del operador: Corporación Alimentaria Peñasanta S.A","Dirección del operador: Avda. Los Martices s/n-36600 Villagarcía de Arosa-Pontevedra","Cantidad Neta: 125 g"],"ingredients":[" Leche parcialmente desnatada (2,7%MG), azúcar (8%), gelatina, lactasa y fermentos lácticos"],"conservation":" Conservar en frío entre 1 y 8°C","ean":"8411024400042"},{"full_name":"LAS 2 VACAS yogur natural ecológico pack 4 unidades 115 g","name":"yogur natural ecológico pack 4 unidades 115 g","brand":"LAS 2 VACAS ","img":"https://sgfm.elcorteingles.es/SGFM/dctm/MEDIA02/CONTENIDOS/201602/03/00201022000416____1__600x600.jpg","price":"1,99 €","price_unit":"(4,33 € / Kilo)","categories":["Supermercado","Lácteos","Yogures","Yogures ecológicos","LAS 2 VACAS yogur natural ecológico pack 4 unidades 115 g"],"general_information":["Denominación del alimento: Yogur ecológico natural","Nombre del operador: D.P.F.F.","Dirección del operador: 93589 Saint-Ouen Cedex","Cantidad Neta: 460 g","Número de raciones por envase: 4","Otras menciones obligatorias en la etiqueta: Ecológico. Logo UE y AB. Agricultura UE. Certificado FR-BIO-01"],"ingredients":[" Leche entera (97,3%)?, leche desnatada en polvo? y fermentos lácticos. (?Procedente de agricultura ecológica)"],"conservation":" Consérvese en frío entre 2°C y 6°C","ean":"8410500019808"},{"full_name":"LAS 2 VACAS yogur natural ecológico 0% M.G. pack 4 unidades 115 g","name":"yogur natural ecológico 0% M.G. pack 4 unidades 115 g","brand":"LAS 2 VACAS ","img":"https://sgfm.elcorteingles.es/SGFM/dctm/MEDIA02/CONTENIDOS/201602/03/00201022300279____1__600x600.jpg","price":"1,99 €","price_unit":"(4,33 € / Kilo)","categories":["Supermercado","Lácteos","Yogures","Yogures ecológicos","LAS 2 VACAS yogur natural ecológico 0% M.G. pack 4 unidades 115 g"],"general_information":["Denominación del alimento: Yogur ecológico natural desnatado","Nombre del operador: D.P.F.F.","Dirección del operador: 93589 Saint-Ouen Cedex","Cantidad Neta: 460 g","Número de raciones por envase: 4","Otras menciones obligatorias en la etiqueta: Ecológico. Logo UE y AB. Agricultura UE. Certificado FR-BIO-01"],"ingredients":[" Leche entera (94,7%)?, leche desnatada en polvo? y fermentos lácticos. (?Procedente de agricultura ecológica)"],"conservation":" Consérvese en frío entre 2°C y 6°C","ean":"8410500019815"},{"full_name":"LAS 2 VACAS yogur sabor arándanos ecológico pack 4 unidades 115 g","name":"yogur sabor arándanos ecológico pack 4 unidades 115 g","brand":"LAS 2 VACAS ","img":"https://sgfm.elcorteingles.es/SGFM/dctm/MEDIA02/CONTENIDOS/201602/03/00201022200511____1__600x600.jpg","price":"2,29 €","price_unit":"(4,98 € / Kilo)","categories":["Supermercado","Lácteos","Yogures","Yogures ecológicos","LAS 2 VACAS yogur sabor arándanos ecológico pack 4 unidades 115 g"],"general_information":["Denominación del alimento: Yogur ecológico con arándanos","Nombre del operador: D.P.F.F.","Dirección del operador: 93589 Saint-Ouen Cedex","Cantidad Neta: 460 g","Número de raciones por envase: 4","Otras menciones obligatorias en la etiqueta: Ecológico. Logo UE y AB. Agricultura UE. Certificado FR-BIO-01"],"ingredients":[" Leche entera (79,8%)? , azúcar de caña?, arándanos (8%)?, leche desnatada en polvo?, fibra de limón deshidratada, aroma natural y fermentos lácticos. (?Procedente de agricultura ecológica)"],"conservation":" Consérvese en frío entre 2°C y 6°C","ean":"8410500019822"},{"full_name":"EL CANTERO DE LETUR yogur de vaca ecológico frasco 420 g","name":"yogur de vaca ecológico frasco 420 g","brand":"EL CANTERO DE LETUR ","img":"https://sgfm.elcorteingles.es/SGFM/dctm/MEDIA03/201610/28/00118822000347____3__600x600.jpg","price":"2,95 €","price_unit":"(7,02 € / Kilo)","categories":["Supermercado","Lácteos","Yogures","Yogures ecológicos","EL CANTERO DE LETUR yogur de vaca ecológico frasco 420 g"],"general_information":["Denominación del alimento: Yogur natural de vaca","Nombre del operador: Quesos Artesanos de Letur, S.A.","Dirección del operador: Ctra. Nerpio Km 1, 02434 Letur (Albacete)","Cantidad Neta: 420 g","Otras menciones obligatorias en la etiqueta: Producto ecológico."],"ingredients":[" Leche pasteurizada de vaca y fermentos lácteos."],"conservation":" Conservar entr 1° y 6° C.","ean":"8437000140368"},{"full_name":"EL CANTERO DE LETUR yogur natural ecológico de leche de cabra tarro 420 g","name":"yogur natural ecológico de leche de cabra tarro 420 g","brand":"EL CANTERO DE LETUR ","img":"https://sgfm.elcorteingles.es/SGFM/dctm/MEDIA03/201610/28/00118822000024____2__600x600.jpg","price":"3,05 €","price_unit":"(7,26 € / Kilo)","categories":["Supermercado","Lácteos","Yogures","Yogures ecológicos","EL CANTERO DE LETUR yogur natural ecológico de leche de cabra tarro 420 g"],"general_information":["Denominación del alimento: Yogur de cabra","Nombre del operador: Quesos Artesanos de Letur, S.A.","Dirección del operador: Ctra. Nerpio Km 1, 02434 Letur (Albacete)","Cantidad Neta: 420 g","Otras menciones obligatorias en la etiqueta: Producto ecológico."],"ingredients":[" Leche pasteurizada de cabra (90%), leche pasteurizada de oveja y fermentos lácticos."],"conservation":" Consérvese entre 1 y 6° C","ean":"8437000140313"},{"full_name":"EL CANTERO DE LETUR yogur natural desnatado de vaca 0% ecológico tarro 420 g","name":"yogur natural desnatado de vaca 0% ecológico tarro 420 g","brand":"EL CANTERO DE LETUR ","img":"https://sgfm.elcorteingles.es/SGFM/dctm/MEDIA03/201610/28/00118822300150____3__600x600.jpg","price":"2,70 €","price_unit":"(6,43 € / Kilo)","categories":["Supermercado","Lácteos","Yogures","Yogures ecológicos","EL CANTERO DE LETUR yogur natural desnatado de vaca 0% ecológico tarro 420 g"],"general_information":["Denominación del alimento: Yogur de vaca desnatado","Nombre del operador: Quesos Artesanos de Letur, S.A.","Dirección del operador: Ctra. Nerpio Km 1, 02434 Letur (Albacete)","Cantidad Neta: 420 g","Otras menciones obligatorias en la etiqueta: Producto ecológico."],"ingredients":[" Leche pasteurizada desnatada de vaca y fermentos lácticos"],"conservation":" Consérvese entre 1 y 6° C","ean":"8437000140436"},{"full_name":"EL CANTERO DE LETUR yogur desnatado natural ecológico de leche de cabra 0% materia grasa tarro 420 g","name":"yogur desnatado natural ecológico de leche de cabra 0% materia grasa tarro 420 g","brand":"EL CANTERO DE LETUR ","img":"https://sgfm.elcorteingles.es/SGFM/dctm/MEDIA03/201610/28/00118822300093____2__600x600.jpg","price":"3,05 €","price_unit":"(7,26 € / Kilo)","categories":["Supermercado","Lácteos","Yogures","Yogures ecológicos","EL CANTERO DE LETUR yogur desnatado natural ecológico de leche de cabra 0% materia grasa tarro 420 g"],"general_information":["Denominación del alimento: Yogur de cabra desnatado","Nombre del operador: Quesos Artesanos de Letur, S.A.","Dirección del operador: Ctra. Nerpio Km 1, 02434 Letur (Albacete)","Cantidad Neta: 420 g","Otras menciones obligatorias en la etiqueta: Producto ecológico."],"ingredients":[" Leche pasteurizada desnatada de cabra (90%), leche pasteurizada desnatada de oveja y fermentos lácticos."],"conservation":" Consérvese entre 1 y 6° C","ean":"8437000140443"},{"full_name":"EL CANTERO DE LETUR yogur natural ecológico de leche de cabra pack 2 unidades 125 g","name":"yogur natural ecológico de leche de cabra pack 2 unidades 125 g","brand":"EL CANTERO DE LETUR ","img":"https://sgfm.elcorteingles.es/SGFM/dctm/MEDIA03/201707/07/00118822000057____2__600x600.jpg","price":"2,20 €","price_unit":"(8,80 € / Kilo)","categories":["Supermercado","Lácteos","Yogures","Yogures ecológicos","EL CANTERO DE LETUR yogur natural ecológico de leche de cabra pack 2 unidades 125 g"],"general_information":["Denominación del alimento: Ecobífidus cabra natural","Nombre del operador: Quesos Artesanos de Letur, S.A.","Dirección del operador: Ctra. Nerpio Km 1, 02434 Letur (Albacete)","Otras menciones obligatorias en la etiqueta: Producto ecológico."],"ingredients":[" Leche pasteurizada de cabra (90%), leche pasteurizada de oveja, fermentos lácticos y bifidus activo."],"conservation":" Consérvese entre 1 y 6° C","ean":"8437000140979"},{"full_name":"EL CANTERO DE LETUR yogur desnatado natural ecológico de leche de cabra pack 2 unidades 125 g","name":"yogur desnatado natural ecológico de leche de cabra pack 2 unidades 125 g","brand":"EL CANTERO DE LETUR ","img":"https://sgfm.elcorteingles.es/SGFM/dctm/MEDIA03/201707/07/00118822300036____3__600x600.jpg","price":"2,20 €","price_unit":"(8,80 € / Kilo)","categories":["Supermercado","Lácteos","Yogures","Yogures ecológicos","EL CANTERO DE LETUR yogur desnatado natural ecológico de leche de cabra pack 2 unidades 125 g"],"general_information":["Denominación del alimento: Ecobífidus cabra desnatado","Nombre del operador: Quesos Artesanos de Letur, S.A.","Dirección del operador: Ctra. Nerpio Km 1, 02434 Letur (Albacete)","Otras menciones obligatorias en la etiqueta: Producto ecológico."],"ingredients":[" Leche pasteurizada desnatada de cabra (90%), leche pasteurizada desnatada de oveja, fermentos lácticos y bifidus activo."],"conservation":" Consérvese entre 1 y 6° C","ean":"8437000140870"},{"full_name":"EL CANTERO DE LETUR yogur natural de leche de oveja desnatado frasco 420 g","name":"yogur natural de leche de oveja desnatado frasco 420 g","brand":"EL CANTERO DE LETUR ","img":"https://sgfm.elcorteingles.es/SGFM/dctm/MEDIA03/201610/28/00118822300242____4__600x600.jpg","price":"3,21 €","price_unit":"(7,64 € / Kilo)","categories":["Supermercado","Lácteos","Yogures","Yogures ecológicos","EL CANTERO DE LETUR yogur natural de leche de oveja desnatado frasco 420 g"],"general_information":["Denominación del alimento: Kefir de oveja desnatado","Nombre del operador: Quesos Artesanos de Letur, S.A.","Dirección del operador: Ctra. Nerpio Km 1, 02434 Letur (Albacete)","Cantidad Neta: 420 g","Otras menciones obligatorias en la etiqueta: Producto certificado ecológico."],"ingredients":[" Leche desnatada de oveja pasteurizada y fermentos lácticos."],"conservation":" Conservar entre 1°C y 8°C","ean":"8437000140344"},{"full_name":"EL CANTERO DE LETUR yogur natural de leche de oveja ecológico frasco 420 g","name":"yogur natural de leche de oveja ecológico frasco 420 g","brand":"EL CANTERO DE LETUR ","img":"https://sgfm.elcorteingles.es/SGFM/dctm/MEDIA03/201610/28/00118822000354____3__600x600.jpg","price":"3,21 €","price_unit":"(7,64 € / Kilo)","categories":["Supermercado","Lácteos","Yogures","Yogures ecológicos","EL CANTERO DE LETUR yogur natural de leche de oveja ecológico frasco 420 g"],"general_information":["Denominación del alimento: Yogur de oveja","Nombre del operador: Quesos Artesanos de Letur, S.A.","Dirección del operador: Ctra. Nerpio Km 1, 02434 Letur (Albacete)","Cantidad Neta: 420 g","Otras menciones obligatorias en la etiqueta: Producto ecológico."],"ingredients":[" Leche pasteurizada de oveja y fermentos lácticos."],"conservation":" Consérvese entre 1 y 6° C","ean":"8437000140481"},{"full_name":"EL CANTERO DE LETUR yogur griego natural de leche de vaca sin azúcar añadido pack 2 unidades 125 g","name":"yogur griego natural de leche de vaca sin azúcar añadido pack 2 unidades 125 g","brand":"EL CANTERO DE LETUR ","img":"https://sgfm.elcorteingles.es/SGFM/dctm/MEDIA03/201707/07/00118822400141____3__600x600.jpg","price":"1,78 €","price_unit":"(7,12 € / Kilo)","categories":["Supermercado","Lácteos","Yogures","Yogures ecológicos","EL CANTERO DE LETUR yogur griego natural de leche de vaca sin azúcar añadido pack 2 unidades 125 g"],"general_information":["Denominación del alimento: Yogur griego de vaca","Nombre del operador: Quesos Artesanos de Letur, S.A.","Dirección del operador: Ctra. Nerpio Km 1, 02434 Letur (Albacete)","Otras menciones obligatorias en la etiqueta: Producto ecológico."],"ingredients":[" Leche de vaca pasteurizada (68%), leche de oveja pasteurizada, nata de leche de vaca, fermentos lácticos."],"conservation":" Consérvese entre 1 y 6° C","ean":"8437000140627"},{"full_name":"EL CANTERO DE LETUR kéfir ecológico de leche de cabra tarro 420 g","name":"kéfir ecológico de leche de cabra tarro 420 g","brand":"EL CANTERO DE LETUR ","img":"https://sgfm.elcorteingles.es/SGFM/dctm/MEDIA03/201610/28/00118822400026____3__600x600.jpg","price":"3,16 €","price_unit":"(7,52 € / Kilo)","categories":["Supermercado","Lácteos","Yogures","Yogures ecológicos","EL CANTERO DE LETUR kéfir ecológico de leche de cabra tarro 420 g"],"general_information":["Denominación del alimento: Kéfir de cabra","Nombre del operador: Quesos Artesanos de Letur, S.A.","Dirección del operador: Ctra. Nerpio Km 1, 02434 Letur (Albacete)","Cantidad Neta: 420 g","Otras menciones obligatorias en la etiqueta: Producto ecológico."],"ingredients":[" Leche entera de cabra pasteurizda(90%), leche entera pasteurizada de oveja  (10%) y fermentos lácticos."],"conservation":" Conservar entr 1° y 6° C.","ean":"8437000140054"},{"full_name":"EL CANTERO DE LETUR kéfir desnatado ecológico de leche de cabra 0% materia grasa tarro 420 g","name":"kéfir desnatado ecológico de leche de cabra 0% materia grasa tarro 420 g","brand":"EL CANTERO DE LETUR ","img":"https://sgfm.elcorteingles.es/SGFM/dctm/MEDIA03/201610/28/00118822400133____3__600x600.jpg","price":"3,16 €","price_unit":"(7,52 € / Kilo)","categories":["Supermercado","Lácteos","Yogures","Yogures ecológicos","EL CANTERO DE LETUR kéfir desnatado ecológico de leche de cabra 0% materia grasa tarro 420 g"],"general_information":["Denominación del alimento: Kéfir de cabra desnatado","Nombre del operador: Quesos Artesanos de Letur, S.A.","Dirección del operador: Ctra. Nerpio Km 1, 02434 Letur (Albacete)","Cantidad Neta: 420 g","Otras menciones obligatorias en la etiqueta: Producto ecológico."],"ingredients":[" Leche pasteurizada desnatada de cabra (90%), leche pasteurizada desnatada de oveja y fermentos lácticos."],"conservation":" Conservar entr 1° y 6° C.","ean":"8437000140078"},{"full_name":"EL CANTERO DE LETUR yogur griego de cabra ecológico envase 420 g","name":"yogur griego de cabra ecológico envase 420 g","brand":"EL CANTERO DE LETUR ","img":"https://sgfm.elcorteingles.es/SGFM/dctm/MEDIA03/201610/28/00118822400281____2__600x600.jpg","price":"3,48 €","price_unit":"(8,29 € / Kilo)","categories":["Supermercado","Lácteos","Yogures","Yogures ecológicos","EL CANTERO DE LETUR yogur griego de cabra ecológico envase 420 g"],"general_information":["Denominación del alimento: Yogur griego de cabra","Nombre del operador: Quesos Artesanos de Letur, S.A.","Dirección del operador: Ctra. Nerpio Km 1, 02434 Letur (Albacete)","Cantidad Neta: 420 g","Otras menciones obligatorias en la etiqueta: Producto ecológico."],"ingredients":[" Leche entera de cabra pasteurizada, nata de leche de oveja y/o cabra y fermentos lácticos."],"conservation":" Conservar entre 1°C y 8°C","ean":"8437012799486"},{"full_name":"EL CANTERO DE LETUR kéfir ecológico de vaca frasco 420 g","name":"kéfir ecológico de vaca frasco 420 g","brand":"EL CANTERO DE LETUR ","img":"https://sgfm.elcorteingles.es/SGFM/dctm/MEDIA03/201610/28/00118822400273____3__600x600.jpg","price":"2,75 €","price_unit":"(6,55 € / Kilo)","categories":["Supermercado","Lácteos","Yogures","Yogures ecológicos","EL CANTERO DE LETUR kéfir ecológico de vaca frasco 420 g"],"general_information":["Denominación del alimento: Kéfir de vaca","Nombre del operador: Quesos Artesanos de Letur, S.A.","Dirección del operador: Ctra. Nerpio Km 1, 02434 Letur (Albacete)","Cantidad Neta: 420 g","Otras menciones obligatorias en la etiqueta: Producto ecológico."],"ingredients":[" Leche pasteurizada de vaca y fermentos lácticos."],"conservation":" Conservar entr 1° y 6° C.","ean":"8437000140375"},{"full_name":"EL CANTERO DE LETUR kéfir desnatado ecológico de leche de vaca 0% materia grasa tarro 420 g","name":"kéfir desnatado ecológico de leche de vaca 0% materia grasa tarro 420 g","brand":"EL CANTERO DE LETUR ","img":"https://sgfm.elcorteingles.es/SGFM/dctm/MEDIA03/201610/28/00118822400125____2__600x600.jpg","price":"2,75 €","price_unit":"(6,55 € / Kilo)","categories":["Supermercado","Lácteos","Yogures","Yogures ecológicos","EL CANTERO DE LETUR kéfir desnatado ecológico de leche de vaca 0% materia grasa tarro 420 g"],"general_information":["Denominación del alimento: Kéfir de vaca desnatado","Nombre del operador: Quesos Artesanos de Letur, S.A.","Dirección del operador: Ctra. Nerpio Km 1, 02434 Letur (Albacete)","Cantidad Neta: 420 g","Otras menciones obligatorias en la etiqueta: Producto ecológico."],"ingredients":[" Leche desnatada pasteurizada de vaca y fermentos lácticos"],"conservation":" Conservar entr 1° y 6° C.","ean":"8437000140023"},{"full_name":"EL CANTERO DE LETUR kéfir de oveja desnatado ecológico envase 420 g","name":"kéfir de oveja desnatado ecológico envase 420 g","brand":"EL CANTERO DE LETUR ","img":"https://sgfm.elcorteingles.es/SGFM/dctm/MEDIA03/201707/28/00118822400323____1__600x600.jpg","price":"3,28 €","price_unit":"(7,81 € / Kilo)","categories":["Supermercado","Lácteos","Yogures","Yogures ecológicos","EL CANTERO DE LETUR kéfir de oveja desnatado ecológico envase 420 g"],"general_information":["Denominación del alimento: Kefir de oveja desnatado","Nombre del operador: Quesos Artesanos de Letur, S.A.","Dirección del operador: Ctra. Nerpio Km 1, 02434 Letur (Albacete)","Cantidad Neta: 420 g","Otras menciones obligatorias en la etiqueta: Producto ecológico."],"ingredients":[" Leche desnatada de oveja pasteurizada y fermentos lácticos."],"conservation":" Conservar entre 1°C y 8°C","ean":"8437012799288"},{"full_name":"PUR NATUR yogur natural desnatado ecológico envase 750 g","name":"yogur natural desnatado ecológico envase 750 g","brand":"PUR NATUR ","img":"https://sgfm.elcorteingles.es/SGFM/00/31/3/0118822000313/0118822000313000g01011.jpg","price":"3,86 €            ","price_unit":"(5,07 € / Kilo)","categories":["Supermercado","Lácteos","Yogures","Yogures ecológicos","PUR NATUR yogur natural desnatado ecológico envase 750 g"],"general_information":["Denominación del alimento: Yogur ecológico","País de origen: Reino Unido","Nombre del operador: PUR NATUR S.A.","Dirección del operador: Hoogstraat 25 B - 9770 Kruishoutem UK","Cantidad Neta: 750,0 g","Otras menciones obligatorias en la etiqueta: BE-BIO-01 EU/non-EU Agriculture"],"ingredients":[" Yogur* desnatado. *Proveniente de la agricultura biológica."],"conservation":" Max. 7°C","ean":"5412971016358"},{"full_name":"PUR NATUR yogur natural ecológico envase 750 g","name":"yogur natural ecológico envase 750 g","brand":"PUR NATUR ","img":"https://sgfm.elcorteingles.es/SGFM/00/21/4/0118822000214/0118822000214000g01011.jpg","price":"3,86 €            ","price_unit":"(5,07 € / Kilo)","categories":["Supermercado","Lácteos","Yogures","Yogures ecológicos","PUR NATUR yogur natural ecológico envase 750 g"],"general_information":["Denominación del alimento: Yogur ecológico","País de origen: Reino Unido","Nombre del operador: PUR NATUR S.A.","Dirección del operador: Hoogstraat 25 B - 9770 Kruishoutem UK","Cantidad Neta: 750,0 g","Otras menciones obligatorias en la etiqueta: BE-BIO-01 EU/non-EU Agriculture"],"ingredients":[" Yogur* entero. *Proveniente de la agricultura biológica."],"conservation":" Max. 7°C","ean":"5412971016303"},{"full_name":"PUR NATUR yogur natural bio envase 150 g","name":"yogur natural bio envase 150 g","brand":"PUR NATUR ","img":"https://sgfm.elcorteingles.es/SGFM/dctm/CONTENIDOS/201511/24/00118822000388____1__600x600.jpg","price":"0,95 €            ","price_unit":"(6 € / Kilo)","categories":["Supermercado","Lácteos","Yogures","Yogures ecológicos","PUR NATUR yogur natural bio envase 150 g"],"general_information":["Denominación del alimento: Yogur ecológico","País de origen: Reino Unido","Nombre del operador: PUR NATUR S.A.","Dirección del operador: Hoogstraat 25 B - 9770 Kruishoutem UK","Cantidad Neta: 150,0 g","Otras menciones obligatorias en la etiqueta: BE-BIO-01 EU/non-EU Agriculture"],"ingredients":[" Yogur* entero. *Proveniente de la agricultura biológica."],"conservation":" Max. 7°C","ean":"5412971116652"},{"full_name":"PUR NATUR yogur con frambuesas y muesli envase 160 g","name":"yogur con frambuesas y muesli envase 160 g","brand":"PUR NATUR ","img":"https://sgfm.elcorteingles.es/SGFM/00/32/7/0118822200327/0118822200327000g01011.jpg","price":"1,50 €","price_unit":"(9,38 € / Kilo)","categories":["Supermercado","Lácteos","Yogures","Yogures ecológicos","PUR NATUR yogur con frambuesas y muesli envase 160 g"],"general_information":["Denominación del alimento: Yogur ecológico","País de origen: Reino Unido","Nombre del operador: PUR NATUR S.A.","Dirección del operador: Hoogstraat 25 B - 9770 Kruishoutem UK","Cantidad Neta: 160 g","Otras menciones obligatorias en la etiqueta: BE-BIO-01 EU/non-EU Agriculture"],"ingredients":[" Yogur* entero, azúcar de caña*, frambuesa* 6%, espesantes: harina de algarroba, pectina; reguladores de acidez: citrato de calcio; aroma natural, zumo concentrado de remolacha*. Ingredientes muesli: alu. * Proveniente de agricultura biológica."],"conservation":" Max. 7°C","ean":"5412971004652"},{"full_name":"PUR NATUR yogur con arándanos ecológico y muesli envase 160 g","name":"yogur con arándanos ecológico y muesli envase 160 g","brand":"PUR NATUR ","img":"https://sgfm.elcorteingles.es/SGFM/00/28/5/0118822200285/0118822200285000g01011.jpg","price":"1,50 €","price_unit":"(9,38 € / Kilo)","categories":["Supermercado","Lácteos","Yogures","Yogures ecológicos","PUR NATUR yogur con arándanos ecológico y muesli envase 160 g"],"general_information":["Denominación del alimento: Yogur ecológico","País de origen: Reino Unido","Nombre del operador: PUR NATUR S.A.","Dirección del operador: Hoogstraat 25 B - 9770 Kruishoutem UK","Cantidad Neta: 160 g","Otras menciones obligatorias en la etiqueta: BE-BIO-01 EU/non-EU Agriculture"],"ingredients":[" Yogur* entero, azúcar de caña*, arándano* 6.3%, espesantes: harina de algarroba, pectina, amidón de tapioca*; aroma natural. Ingredientes muesli: alu. * Proveniente de agricultura biológica."],"conservation":" Max. 7°C","ean":"5412971004669"},{"full_name":"PUR NATUR yogur con cereza ecológico tarrina 500 g","name":"yogur con cereza ecológico tarrina 500 g","brand":"PUR NATUR ","img":"https://sgfm.elcorteingles.es/SGFM/00/08/7/0118822200087/0118822200087000g01011.jpg","price":"3,22 €            ","price_unit":"(5,98 € / Kilo)","categories":["Supermercado","Lácteos","Yogures","Yogures ecológicos","PUR NATUR yogur con cereza ecológico tarrina 500 g"],"general_information":["Denominación del alimento: Yogur ecológico","País de origen: Reino Unido","Nombre del operador: PUR NATUR S.A.","Dirección del operador: Hoogstraat 25 B - 9770 Kruishoutem UK","Cantidad Neta: 500 g","Otras menciones obligatorias en la etiqueta: BE-BIO-01 EU/non-EU Agriculture"],"ingredients":[" Yogur* entero, azúcar de caña*, fresa* 3.6%, mora* 1.8%, frambuesa* 1.8%, arándano* o.9%, fécula*, espesante: pectina; concentrado de zumo de limón*; concentrado de frutas*, aroma natural, regulador de acidez: citrato de calcio. *Proveniente de la agricultura biológica."],"conservation":" Max. 7°C","ean":"5412971016112"},{"full_name":"PUR NATUR yogur con arándano ecológico tarrina 500 g","name":"yogur con arándano ecológico tarrina 500 g","brand":"PUR NATUR ","img":"https://sgfm.elcorteingles.es/SGFM/00/07/9/0118822200079/0118822200079000g01011.jpg","price":"3,22 €            ","price_unit":"(5,98 € / Kilo)","categories":["Supermercado","Lácteos","Yogures","Yogures ecológicos","PUR NATUR yogur con arándano ecológico tarrina 500 g"],"general_information":["Denominación del alimento: Yogur ecológico","País de origen: Reino Unido","Nombre del operador: PUR NATUR S.A.","Dirección del operador: Hoogstraat 25 B - 9770 Kruishoutem UK","Cantidad Neta: 500,0 g","Otras menciones obligatorias en la etiqueta: BE-BIO-01 EU/non-EU Agriculture"],"ingredients":[" Yogur entero*, azúcar de caña*, arándano* 6.7%, espesantes: harina de algarroba, pectin, amidón de tapioca*; aroma natural.*Proveniente de la agricultura biológica."],"conservation":" Max. 7°C","ean":"5412971160105"},{"full_name":"PUR NATUR yogur con frambuesa ecológico tarrina 500 g","name":"yogur con frambuesa ecológico tarrina 500 g","brand":"PUR NATUR ","img":"https://sgfm.elcorteingles.es/SGFM/dctm/MEDIA02/CONTENIDOS/201411/25/00118822200103____1__600x600.jpg","price":"3,22 €            ","price_unit":"(5,98 € / Kilo)","categories":["Supermercado","Lácteos","Yogures","Yogures ecológicos","PUR NATUR yogur con frambuesa ecológico tarrina 500 g"],"general_information":["Denominación del alimento: Yogur ecológico","País de origen: Reino Unido","Nombre del operador: PUR NATUR S.A.","Dirección del operador: Hoogstraat 25 B - 9770 Kruishoutem UK","Cantidad Neta: 500,0 g","Otras menciones obligatorias en la etiqueta: BE-BIO-01 EU/non-EU Agriculture"],"ingredients":[" Yogur* entero, azúcar de caña*, frambuesa* 6.3%, espesantes: goma de garrofin, pectina; regulador de acidez: citrato de calcio; aroma natural, zumo concentrado de remolacha*. Proveniente de la agricultura biológica."],"conservation":" Max. 7°C","ean":"5412971160419"},{"full_name":"PUR NATUR yogur con fresas ecológico tarro 150 g","name":"yogur con fresas ecológico tarro 150 g","brand":"PUR NATUR ","img":"https://sgfm.elcorteingles.es/SGFM/00/18/6/0118822200186/0118822200186000g01011.jpg","price":"1,17 €","price_unit":"(7,80 € / Kilo)","categories":["Supermercado","Lácteos","Yogures","Yogures ecológicos","PUR NATUR yogur con fresas ecológico tarro 150 g"],"general_information":["Denominación del alimento: Yogur ecológico","País de origen: Reino Unido","Nombre del operador: PUR NATUR S.A.","Dirección del operador: Hoogstraat 25 B - 9770 Kruishoutem UK","Cantidad Neta: 150,0 g","Otras menciones obligatorias en la etiqueta: BE-BIO-01 EU/non-EU Agriculture"],"ingredients":[" Yogur* entero, azúcar de caña*, fresa- 7.2%, espesantes: harina de algarroba, pectin; zumo concentrado de saúco*, zumo concentrado de limón*, aroma natural, reguladores de acidez: citrato de calcio, ácido cítrico. *Proveniente de la agricultura biológica."],"conservation":" Max. 7°C","ean":"5412971116669"},{"full_name":"PUR NATUR yogur con arándanos ecológico tarro 150 g","name":"yogur con arándanos ecológico tarro 150 g","brand":"PUR NATUR ","img":"https://sgfm.elcorteingles.es/SGFM/00/19/4/0118822200194/0118822200194000g01011.jpg","price":"1,17 €","price_unit":"(7,80 € / Kilo)","categories":["Supermercado","Lácteos","Yogures","Yogures ecológicos","PUR NATUR yogur con arándanos ecológico tarro 150 g"],"general_information":["Denominación del alimento: Yogur ecológico","País de origen: Reino Unido","Nombre del operador: PUR NATUR S.A.","Dirección del operador: Hoogstraat 25 B - 9770 Kruishoutem UK","Cantidad Neta: 150,0 g","Otras menciones obligatorias en la etiqueta: BE-BIO-01 EU/non-EU Agriculture"],"ingredients":[" Yogur entero*, azúcar de caña*, arándano* 6.7%, espesantes: harina de algarroba, pectin, amidón de tapioca*; aroma natural.*Proveniente de la agricultura biológica."],"conservation":" Max. 7°C","ean":"5412971116683"},{"full_name":"EL PASTORET DE LA SEGARRA yogur ecológico de coco y piña tarro 135 g","name":"yogur ecológico de coco y piña tarro 135 g","brand":"EL PASTORET DE LA SEGARRA ","img":"https://sgfm.elcorteingles.es/SGFM/dctm/MEDIA03/201702/27/00118822200384____1__600x600.jpg","price":"1,35 €","price_unit":"(10 € / Kilo)","categories":["Supermercado","Lácteos","Yogures","Yogures ecológicos","EL PASTORET DE LA SEGARRA yogur ecológico de coco y piña tarro 135 g"],"general_information":["Denominación del alimento: Yoghourt Natural Azucarado (85%) con coco y piña ecológicos","País de origen: España","Nombre del operador: El Pastoret de la Segarra, S.L","Dirección del operador: P.I Bosc del Ferran 25270 Sant Guim de Freixenet ( Lleida)","Lugar de procedencia del alimento: España","Cantidad Neta: 135 g","Número de raciones por envase: 1","Otras menciones obligatorias en la etiqueta: -"],"ingredients":[" Leche ecológica pasteurizada de vaca, azúcar de caña ecológico (7%), puré de piña ecológico (6%), azúcar de caña ecológico, leche desnatada en polvo ecológica, proteínas de la leche ecológicas, coco rallado ecológico (0,5%), almidón de tapioca ecológico, espesantes (pectina, alginato sódico), limón ecológico procedente de zumo concentrado, aroma natural y fermentos lácticos.Puede contener trazas de frutos de cáscara ."],"conservation":" Mantener a temperatura entra 2° y 6°C","ean":"8424790200013"},{"full_name":"EL PASTORET DE LA SEGARRA yogur ecológico con arándanos tarro 135 g","name":"yogur ecológico con arándanos tarro 135 g","brand":"EL PASTORET DE LA SEGARRA ","img":"https://sgfm.elcorteingles.es/SGFM/dctm/MEDIA03/201707/07/00118822200392____2__600x600.jpg","price":"1,35 €","price_unit":"(10 € / Kilo)","categories":["Supermercado","Lácteos","Yogures","Yogures ecológicos","EL PASTORET DE LA SEGARRA yogur ecológico con arándanos tarro 135 g"],"general_information":["Denominación del alimento: Yoghourt Natural Azucarado (85%) con arándanos ecológicos","País de origen: España","Nombre del operador: El Pastoret de la Segarra, S.L","Dirección del operador: P.I Bosc del Ferran 25270 Sant Guim de Freixenet ( Lleida)","Lugar de procedencia del alimento: España","Cantidad Neta: 135 g","Número de raciones por envase: 1","Otras menciones obligatorias en la etiqueta: -"],"ingredients":[" Leche ecológica pasteurizada de vaca, azúcar de caña ecológico (7%), puré de arándanos ecológicos (5%), azúcar de caña ecológico, leche desnatada en polvo ecológica, proteínas de la leche ecológicas, almidón de maíz ecológico, espesantes (goma guar, alginato sódico), acidificante (ácido cítrico), aroma natural y fermentos lácticos.  Puede contener trazas de frutos de cáscara."],"conservation":" Mantener a temperatura entra 2° y 6°C","ean":"8424790200020"},{"full_name":"EL PASTORET DE LA SEGARRA yogur ecológico con mango tarro 135 g","name":"yogur ecológico con mango tarro 135 g","brand":"EL PASTORET DE LA SEGARRA ","img":"https://sgfm.elcorteingles.es/SGFM/dctm/MEDIA03/201707/07/00118822200400____2__600x600.jpg","price":"1,35 €","price_unit":"(10 € / Kilo)","categories":["Supermercado","Lácteos","Yogures","Yogures ecológicos","EL PASTORET DE LA SEGARRA yogur ecológico con mango tarro 135 g"],"general_information":["Denominación del alimento: Yoghourt Natural Azucarado (85%) con mango ecológico","País de origen: España","Nombre del operador: El Pastoret de la Segarra, S.L","Dirección del operador: P.I Bosc del Ferran 25270 Sant Guim de Freixenet ( Lleida)","Lugar de procedencia del alimento: España","Cantidad Neta: 135 g","Número de raciones por envase: 1","Otras menciones obligatorias en la etiqueta: -"],"ingredients":[" Leche ecológica pasteurizada de vaca, azúcar de caña ecológico (7%), puré de mango ecológico (5%), azúcar ecológico, leche desnatada en polvo ecológico, proteínas de la leche ecológicas, almidón de maíz ecológico, espesantes (goma guar, goma xantana), aromas naturales, acidificante (ácido cítrico), antioxidante (ácido ascórbico) y fermentos lácticos.Puede contener trazas de frutos de cáscara."],"conservation":" Mantener a temperatura entra 2° y 6°C","ean":"8424790200037"},{"full_name":"EL PASTORET DE LA SEGARRA yogur ecológico con plátano y galleta tarro 135 g","name":"yogur ecológico con plátano y galleta tarro 135 g","brand":"EL PASTORET DE LA SEGARRA ","img":"https://sgfm.elcorteingles.es/SGFM/dctm/MEDIA03/201707/07/00118822200418____2__600x600.jpg","price":"1,35 €","price_unit":"(10 € / Kilo)","categories":["Supermercado","Lácteos","Yogures","Yogures ecológicos","EL PASTORET DE LA SEGARRA yogur ecológico con plátano y galleta tarro 135 g"],"general_information":["Denominación del alimento: Yoghourt Natural Azucarado (85%) con plátano y galleta ecológicos","País de origen: España","Nombre del operador: El Pastoret de la Segarra, S.L","Dirección del operador: P.I Bosc del Ferran 25270 Sant Guim de Freixenet ( Lleida)","Lugar de procedencia del alimento: España","Cantidad Neta: 135 g","Número de raciones por envase: 1","Otras menciones obligatorias en la etiqueta: -"],"ingredients":[" Leche ecológica pasteurizada de vaca, azúcar de caña ecológico (7%), puré de plátano ecológico (5%), azúcar ecológico, leche desnatada en polvo ecológica, proteínas de la leche ecológicas, galleta ecológica (0,2%), caramelo (azúcar ecológico), almidón de maíz ecológico, espesantes (goma guar, goma xantana), aroma natural, acidificante (ácido cítrico) y fermentos lácticos.Puede contener trazas de frutos de cáscara."],"conservation":" Mantener a temperatura entra 2° y 6°C","ean":"8424790200044"},{"full_name":"EL PASTORET DE LA SEGARRA yogur ecológico al estilo griego tarro 135 g","name":"yogur ecológico al estilo griego tarro 135 g","brand":"EL PASTORET DE LA SEGARRA ","img":"https://sgfm.elcorteingles.es/SGFM/dctm/MEDIA03/201707/07/00118822400315____1__600x600.jpg","price":"1,45 €","price_unit":"(10,74 € / Kilo)","categories":["Supermercado","Lácteos","Yogures","Yogures ecológicos","EL PASTORET DE LA SEGARRA yogur ecológico al estilo griego tarro 135 g"],"general_information":["Denominación del alimento: Yoghourt azucarado al estilo griego ecológico","País de origen: España","Nombre del operador: El Pastoret de la Segarra, S.L","Dirección del operador: P.I Bosc del Ferran 25270 Sant Guim de Freixenet ( Lleida)","Lugar de procedencia del alimento: España","Cantidad Neta: 135 g","Número de raciones por envase: 1","Otras menciones obligatorias en la etiqueta: -"],"ingredients":[" Leche ecológica pasteurizada de vaca, nata ecológica pasteurizada de vaca, azúcar de caña ecológico (7%), leche desnatada en polvo ecológica, proteínas de la leche ecológicas y fermentos lácticos. Puede contener trazas de frutos de cáscara."],"conservation":" Mantener a temperatura entra 2° y 6°C","ean":"8424790200051"},{"full_name":"EL PASTORET DE LA SEGARRA yogur ecológico con turrrón tarro 135 g","name":"yogur ecológico con turrrón tarro 135 g","brand":"EL PASTORET DE LA SEGARRA ","img":"https://sgfm.elcorteingles.es/SGFM/dctm/MEDIA03/201712/28/00118822400349____1__600x600.jpg","price":"1,59 €","price_unit":"(11,78 € / Kilo)","categories":["Supermercado","Lácteos","Yogures","Yogures ecológicos","EL PASTORET DE LA SEGARRA yogur ecológico con turrrón tarro 135 g"],"general_information":[],"ingredients":[],"ean":"8424790200068"},{"full_name":"VRAI yogur biológico cremoso natural pack 4 unidades 100 g","name":"yogur biológico cremoso natural pack 4 unidades 100 g","brand":"VRAI ","img":"https://sgfm.elcorteingles.es/SGFM/dctm/MEDIA03/201707/07/00118822000370____3__600x600.jpg","price":"1,99 €","price_unit":"(4,98 € / Kilo)","categories":["Supermercado","Lácteos","Yogures","Yogures ecológicos","VRAI yogur biológico cremoso natural pack 4 unidades 100 g"],"general_information":["Denominación del alimento: Yogur biológico","Nombre del operador: Triballat Noyal","Dirección del operador: BP 93106 - 35531 Noyal-sur-Vilaine Cedex - France","Cantidad Neta: 400 g"],"ingredients":[" Leche pasteurizada *, fresa * (8,4%), azúcar de caña sin refinar * (7,6%), jarabe de trigo * garantizado sin gluten, sabor natural *, espesantes: pectina, harina de algarroba, zumos * concentrado de saúco, corrector de acidez: citrato de calcio del ácido cítrico, fermentos lácticos seleccionados."],"conservation":" Consérvese en frío +2° / 8° C","ean":"3273227030151"},{"full_name":"CASA GRANDE DE XANCEDA yogur líquido L. Casei 1,3 % materia grasa con fresas con leche fresca biológico pack 2 envase 165 g","name":"yogur líquido L. Casei 1,3 % materia grasa con fresas con leche fresca biológico pack 2 envase 165 g","brand":"CASA GRANDE DE XANCEDA ","img":"https://sgfm.elcorteingles.es/SGFM/dctm/MEDIA03/201706/09/00118822400224____2__600x600.jpg","price":"2,30 €","price_unit":"(13,94 € / Kilo)","categories":["Supermercado","Lácteos","Yogures","Yogures ecológicos","CASA GRANDE DE XANCEDA yogur líquido L. Casei 1,3 % materia grasa con fresas con leche fresca biológico pack 2 envase 165 g"],"general_information":["Denominación del alimento: Leche fermentada bio con fresas de producción ecológica","País de origen: España","Nombre del operador: Casa Grande de Xanceda SAT","Dirección del operador: Xanceda, 15685 Mesía. A Coruña","Cantidad Neta: 332 g","Otras menciones obligatorias en la etiqueta: Ingredientes que proceden de la Agricultura Ecológica"],"ingredients":[" Leche semidesnatada, fruta ecológica preparada (17%): (fresas ecológicas, azúcar ecológico, zumo de limón ecológico), fermentos lácticos y ele casei"],"conservation":" Conservar en frio entre 1ºC y 8ºC","ean":"8437006245593"},{"full_name":"VRAI yogur de cabra sabor vainilla biológico pack 2 unidades 125 g","name":"yogur de cabra sabor vainilla biológico pack 2 unidades 125 g","brand":"VRAI ","img":"https://sgfm.elcorteingles.es/SGFM/dctm/MEDIA03/201706/09/00118822100097____2__600x600.jpg","price":"2,15 €","price_unit":"(8,60 € / Kilo)","categories":["Supermercado","Lácteos","Yogures","Yogures ecológicos","VRAI yogur de cabra sabor vainilla biológico pack 2 unidades 125 g"],"general_information":["Denominación del alimento: Yogur biológico","Nombre del operador: Triballat Noyal","Dirección del operador: BP 93106 - 35531 Noyal-sur-Vilaine Cedex - France","Cantidad Neta: 250 g"],"ingredients":[" Leche concentrada de cabra, azúcar de caña no refinado (9%), aroma natural de vainilla*, fermentos lácticos seleccionados."],"conservation":" Consérvese en frío/ Conservar en frío entre +2°C/ +6°C.","ean":"3273227440912"},{"full_name":"CASA GRANDE DE XANCEDA yogur desnatado cremoso con limón 0,3% m.g ecológico pack 2 unidades envase 125 g","name":"yogur desnatado cremoso con limón 0,3% m.g ecológico pack 2 unidades envase 125 g","brand":"CASA GRANDE DE XANCEDA ","img":"https://sgfm.elcorteingles.es/SGFM/dctm/MEDIA03/201701/30/00118822300283____1__600x600.jpg","price":"2,06 €","price_unit":"(8,24 € / Kilo)","categories":["Supermercado","Lácteos","Yogures","Yogures ecológicos","CASA GRANDE DE XANCEDA yogur desnatado cremoso con limón 0,3% m.g ecológico pack 2 unidades envase 125 g"],"general_information":["Denominación del alimento: Yogur con limón desnatado de producción ecológica","País de origen: España","Nombre del operador: Casa Grande de Xanceda SAT","Dirección del operador: Xanceda, 15685 Mesía. A Coruña","Cantidad Neta: 250 g","Otras menciones obligatorias en la etiqueta: Ingredientes que proceden de la Agricultura Ecológica"],"ingredients":[" Yogur ecológico: Leche  desnatada ecológica y fermentos lácticos; Fruta ecológica preparada (30%): (zumo de limón ecológico concentrado, zumo de naranja ecológico concentrado, azúcar ecológico, corteza de limón ecológica, almidón de maíz ecológico, algarroba ecológica)"],"conservation":" Conservar en frio entre 1ºC y 8ºC","ean":"8437006245142"},{"full_name":"CASA GRANDE DE XANCEDA yogur cremoso desnatado natural pack 2 unidades 125 g","name":"yogur cremoso desnatado natural pack 2 unidades 125 g","brand":"CASA GRANDE DE XANCEDA ","img":"https://sgfm.elcorteingles.es/SGFM/dctm/MEDIA02/CONTENIDOS/201407/21/00118822300184____1__600x600.jpg","price":"1,90 €","price_unit":"(7,60 € / Kilo)","categories":["Supermercado","Lácteos","Yogures","Yogures ecológicos","CASA GRANDE DE XANCEDA yogur cremoso desnatado natural pack 2 unidades 125 g"],"general_information":["Denominación del alimento: Yogur bio 0% natural de producción ecológica","País de origen: España","Nombre del operador: Casa Grande de Xanceda SAT","Dirección del operador: Xanceda, 15685 Mesía. A Coruña","Cantidad Neta: 250 g","Otras menciones obligatorias en la etiqueta: Ingredientes que proceden de la Agricultura Ecológica"],"ingredients":[" Leche desnatada y fermentos lácticos"],"conservation":" Conservar en frio entre 1ºC y 8ºC","ean":"8437006245708"},{"full_name":"CASA GRANDE DE XANCEDA yogur cremoso con frutas del bosque ecológico pack 2 unidades 125 g","name":"yogur cremoso con frutas del bosque ecológico pack 2 unidades 125 g","brand":"CASA GRANDE DE XANCEDA ","img":"https://sgfm.elcorteingles.es/SGFM/dctm/MEDIA02/CONTENIDOS/201407/21/00118822200251____1__600x600.jpg","price":"1,90 €","price_unit":"(7,60 € / Kilo)","categories":["Supermercado","Lácteos","Yogures","Yogures ecológicos","CASA GRANDE DE XANCEDA yogur cremoso con frutas del bosque ecológico pack 2 unidades 125 g"],"general_information":["Denominación del alimento: Yogur bio con frutas del bosque de producción ecológica","País de origen: España","Nombre del operador: Casa Grande de Xanceda SAT","Dirección del operador: Xanceda, 15685 Mesía. A Coruña","Cantidad Neta: 250 g","Otras menciones obligatorias en la etiqueta: Ingredientes que proceden de la Agricultura Ecológica"],"ingredients":[" Leche, fruta ecológica preparada (20%): (arándanos ecológicos, moras ecológicas, frambuesas ecológicas, azúcar ecológico, zumo de limón ecológico), fermentos lácticos"],"conservation":" Conservar en frio entre 1ºC y 8ºC","ean":"8437006245623"},{"full_name":"CASA GRANDE DE XANCEDA yogur cremoso con fresas ecológico pack 2 unidades 125 g","name":"yogur cremoso con fresas ecológico pack 2 unidades 125 g","brand":"CASA GRANDE DE XANCEDA ","img":"https://sgfm.elcorteingles.es/SGFM/dctm/MEDIA02/CONTENIDOS/201407/21/00118822200244____1__600x600.jpg","price":"1,90 €","price_unit":"(7,60 € / Kilo)","categories":["Supermercado","Lácteos","Yogures","Yogures ecológicos","CASA GRANDE DE XANCEDA yogur cremoso con fresas ecológico pack 2 unidades 125 g"],"general_information":["Denominación del alimento: Yogur bio con fresas de producción ecológica","País de origen: España","Nombre del operador: Casa Grande de Xanceda SAT","Dirección del operador: Xanceda, 15685 Mesía. A Coruña","Cantidad Neta: 250 g","Otras menciones obligatorias en la etiqueta: Ingredientes que proceden de la Agricultura Ecológica"],"ingredients":[" Leche, fruta ecológica preparada (20%): (fresas ecológicas, azúcar ecológico, zumo de limón ecológico), fermentos lácticos"],"conservation":" Conservar en frio entre 1ºC y 8ºC","ean":"8437006245616"},{"full_name":"CASA GRANDE DE XANCEDA yogur desnatado cremoso con fresa pack 2 unidades 125 g","name":"yogur desnatado cremoso con fresa pack 2 unidades 125 g","brand":"CASA GRANDE DE XANCEDA ","img":"https://sgfm.elcorteingles.es/SGFM/dctm/MEDIA02/CONTENIDOS/201407/21/00118822300168____1__600x600.jpg","price":"2,06 €","price_unit":"(8,24 € / Kilo)","categories":["Supermercado","Lácteos","Yogures","Yogures ecológicos","CASA GRANDE DE XANCEDA yogur desnatado cremoso con fresa pack 2 unidades 125 g"],"general_information":["Denominación del alimento: Yogur bio  0% con fresas de producción ecológica","País de origen: España","Nombre del operador: Casa Grande de Xanceda SAT","Dirección del operador: Xanceda, 15685 Mesía. A Coruña","Cantidad Neta: 250 g","Otras menciones obligatorias en la etiqueta: Ingredientes que proceden de la Agricultura Ecológica"],"ingredients":[" Leche desnatada, fruta ecológica preparada (20%): (fresas ecológicas, azúcar ecológico, zumo de limón ecológico), fermentos lácticos"],"conservation":" Conservar en frio entre 1ºC y 8ºC","ean":"8437006245715"},{"full_name":"CASA GRANDE DE XANCEDA yogur desnatado cremoso con frutas del bosque pack2 envases 125 g","name":"yogur desnatado cremoso con frutas del bosque pack2 envases 125 g","brand":"CASA GRANDE DE XANCEDA ","img":"https://sgfm.elcorteingles.es/SGFM/dctm/MEDIA02/CONTENIDOS/201407/28/00118822300176____2__600x600.jpg","price":"2,06 €","price_unit":"(8,24 € / Kilo)","categories":["Supermercado","Lácteos","Yogures","Yogures ecológicos","CASA GRANDE DE XANCEDA yogur desnatado cremoso con frutas del bosque pack2 envases 125 g"],"general_information":["Denominación del alimento: Yogur bio 0% con frutas del bosque de producción ecológica","País de origen: España","Nombre del operador: Casa Grande de Xanceda SAT","Dirección del operador: Xanceda, 15685 Mesía. A Coruña","Cantidad Neta: 250 g","Otras menciones obligatorias en la etiqueta: Ingredientes que proceden de la Agricultura Ecológica"],"ingredients":[" Leche  desnatada, fruta ecológica preparada (20%): (arándanos ecológicos, moras ecológicas, frambuesas ecológicas, azúcar ecológico, zumo de limón ecológico), fermentos lácticos"],"conservation":" Conservar en frio entre 1ºC y 8ºC","ean":"8437006245722"},{"full_name":"CASA GRANDE DE XANCEDA yogur cremoso con vainilla pack 2 unidades 125 g","name":"yogur cremoso con vainilla pack 2 unidades 125 g","brand":"CASA GRANDE DE XANCEDA ","img":"https://sgfm.elcorteingles.es/SGFM/dctm/MEDIA02/CONTENIDOS/201407/21/00118822200269____1__600x600.jpg","price":"1,90 €","price_unit":"(7,60 € / Kilo)","categories":["Supermercado","Lácteos","Yogures","Yogures ecológicos","CASA GRANDE DE XANCEDA yogur cremoso con vainilla pack 2 unidades 125 g"],"general_information":["Denominación del alimento: Yogur bio con vainilla de producción ecológica","País de origen: España","Nombre del operador: Casa Grande de Xanceda SAT","Dirección del operador: Xanceda, 15685 Mesía. A Coruña","Cantidad Neta: 250 g","Otras menciones obligatorias en la etiqueta: Ingredientes que proceden de la Agricultura Ecológica"],"ingredients":[" Leche, fruta ecológica preparada (20%): (vainilla ecológica, azúcar ecológico, zumo de limón ecológico), fermentos lácticos"],"conservation":" Conservar en frio entre 1ºC y 8ºC","ean":"8437006245630"},{"full_name":"CASA GRANDE DE XANCEDA yogur desnatado cremoso con vainilla pack 2 unidades 125 g","name":"yogur desnatado cremoso con vainilla pack 2 unidades 125 g","brand":"CASA GRANDE DE XANCEDA ","img":"https://sgfm.elcorteingles.es/SGFM/dctm/MEDIA02/CONTENIDOS/201407/21/00201022300220____1__600x600.jpg","price":"2,06 €","price_unit":"(8,24 € / Kilo)","categories":["Supermercado","Lácteos","Yogures","Yogures ecológicos","CASA GRANDE DE XANCEDA yogur desnatado cremoso con vainilla pack 2 unidades 125 g"],"general_information":["Denominación del alimento: Yogur bio 0% con vainilla de producción ecológica","País de origen: España","Nombre del operador: Casa Grande de Xanceda SAT","Dirección del operador: Xanceda, 15685 Mesía. A Coruña","Cantidad Neta: 250 g","Otras menciones obligatorias en la etiqueta: Ingredientes que proceden de la Agricultura Ecológica"],"ingredients":[" Leche desnatada, fruta ecológica preparada (20%): (vainilla ecológica, azúcar ecológico, zumo de limón ecológico), fermentos lácticos"],"conservation":" Conservar en frio entre 1ºC y 8ºC","ean":"8437006245739"},{"full_name":"CASA GRANDE DE XANCEDA yogur con manzana al horno desnatado 0,3 % M.G. 125 g","name":"yogur con manzana al horno desnatado 0,3 % M.G.  125 g","brand":"CASA GRANDE DE XANCEDA ","img":"https://sgfm.elcorteingles.es/SGFM/dctm/MEDIA03/201706/16/00118822300291____1__600x600.jpg","price":"2,06 €","price_unit":"(8,24 € / Kilo)","categories":["Supermercado","Lácteos","Yogures","Yogures ecológicos","CASA GRANDE DE XANCEDA yogur con manzana al horno desnatado 0,3 % M.G. 125 g"],"general_information":["Denominación del alimento: Yogur con manzana desnatado de producción ecológica","País de origen: España","Nombre del operador: Casa Grande de Xanceda SAT","Dirección del operador: Xanceda, 15685 Mesía. A Coruña","Cantidad Neta: 250 g","Otras menciones obligatorias en la etiqueta: Ingredientes que proceden de la Agricultura Ecológica"],"ingredients":[" Yogur ecológico: Leche desnatada ecológica y fermentos lácticos; Fruta ecológica preparada (30%): (manzanas ecológicas, azúcar ecológico, almidón de maíz ecológico, algarroba ecológica, aromas naturales, caramelo ecológico, zumo de limón ecológico)"],"conservation":" Conservar en frio entre 1ºC y 8ºC","ean":"8437006245166"},{"full_name":"CASA GRANDE DE XANCEDA yogur bífidus con mango y vainilla biológico pack 2 unidades 125 g","name":"yogur bífidus con mango y vainilla biológico pack 2 unidades 125 g","brand":"CASA GRANDE DE XANCEDA ","img":"https://sgfm.elcorteingles.es/SGFM/dctm/MEDIA02/CONTENIDOS/201407/21/00118822200335____1__600x600.jpg","price":"2,06 €","price_unit":"(8,24 € / Kilo)","categories":["Supermercado","Lácteos","Yogures","Yogures ecológicos","CASA GRANDE DE XANCEDA yogur bífidus con mango y vainilla biológico pack 2 unidades 125 g"],"general_information":["Denominación del alimento: Bifidus bio con mango y vainilla de producción ecológica","País de origen: España","Nombre del operador: Casa Grande de Xanceda SAT","Dirección del operador: Xanceda, 15685 Mesía. A Coruña","Cantidad Neta: 250 g","Otras menciones obligatorias en la etiqueta: Ingredientes que proceden de la Agricultura Ecológica"],"ingredients":[" Leche, fruta ecológica preparada (20%): ( mangos ecológicos,vainilla ecológica, azúcar ecológico, zumo de limón ecológico), fermentos lácticos y bifidobacterias"],"conservation":" Conservar en frio entre 1ºC y 8ºC","ean":"8437006245395"},{"full_name":"CASA GRANDE XANCEDA yogur bífidus desnatado cremoso 0,4 % materia grasa con mango y vainilla biológico pack 2 unidades 125 g","name":"yogur bífidus desnatado cremoso 0,4 % materia grasa con mango y vainilla biológico pack 2 unidades 125 g","brand":"CASA GRANDE XANCEDA ","img":"https://sgfm.elcorteingles.es/SGFM/dctm/MEDIA03/201706/16/00118822300309____6__600x600.jpg","price":"2,06 €","price_unit":"(8,24 € / Kilo)","categories":["Supermercado","Lácteos","Yogures","Yogures ecológicos","CASA GRANDE XANCEDA yogur bífidus desnatado cremoso 0,4 % materia grasa con mango y vainilla biológico pack 2 unidades 125 g"],"general_information":["Denominación del alimento: Leche desnatada fermentada con bífidus con mango y vainilla de producción ecológica","País de origen: España","Nombre del operador: Casa Grande de Xanceda SAT","Dirección del operador: Xanceda, 15685 Mesía. A Coruña","Cantidad Neta: 250 g","Otras menciones obligatorias en la etiqueta: Ingredientes que proceden de la Agricultura Ecológica"],"ingredients":[" Leche fermentada ecológica: Leche desnatada, fermentos lácticos y bifidobacterias; Fruta ecológica preparada (20%): (mangos ecológicos, azúcar ecológico, almidón de maíz ecológico, algarroba ecológica, vainilla ecológica, zumo de limón ecológico)."],"conservation":" Conservar en frio entre 1ºC y 8ºC","ean":"8437006245494"},{"full_name":"SUERTE AMPANERA bio natural de cabra ecológico tarro 430 g","name":"bio natural de cabra ecológico tarro 430 g","brand":"SUERTE AMPANERA ","img":"https://sgfm.elcorteingles.es/SGFM/dctm/MEDIA02/CONTENIDOS/201411/24/00118822400034____1__600x600.jpg","price":"2,95 €","price_unit":"(6,86 € / Kilo)","categories":["Supermercado","Lácteos","Yogures","Yogures ecológicos","SUERTE AMPANERA bio natural de cabra ecológico tarro 430 g"],"general_information":["Denominación del alimento: Leche fermentada de cabra con bífidus","Nombre del operador: Suerte Ampanera, C.B.","Dirección del operador: Avda. de Los Reyes, 3-B Colmenar Viejo 28770 Madrid","Cantidad Neta: 430 g","Número de raciones por envase: 4"],"ingredients":[" Leche pasteurizada de cabra de producción ecológica, fermentos lácticos."],"conservation":" Conservar a 4° C","ean":"8437004828002"},{"full_name":"SUERTE AMPANERA yogur natural de cabra ecológico frasco 430 g","name":"yogur natural de cabra ecológico frasco 430 g","brand":"SUERTE AMPANERA ","img":"https://sgfm.elcorteingles.es/SGFM/dctm/MEDIA02/CONTENIDOS/201411/24/00118822000123____1__600x600.jpg","price":"2,95 €","price_unit":"(6,86 € / Kilo)","categories":["Supermercado","Lácteos","Yogures","Yogures ecológicos","SUERTE AMPANERA yogur natural de cabra ecológico frasco 430 g"],"general_information":["Denominación del alimento: Yogur natural de cabra bio","Nombre del operador: Suerte Ampanera, C.B.","Dirección del operador: Avda. de Los Reyes, 3-B Colmenar Viejo 28770 Madrid","Cantidad Neta: 430 g","Número de raciones por envase: 4"],"ingredients":[" Leche pasteurizada de cabra de producción ecológica, fermentos lácticos."],"conservation":" Conservar a 4° C","ean":"8437004828026"},{"full_name":"SUERTE AMPANERA kéfir de cabra ecológico frasco 430 ml","name":"kéfir de cabra ecológico frasco 430 ml","brand":"SUERTE AMPANERA ","img":"https://sgfm.elcorteingles.es/SGFM/dctm/MEDIA03/201701/27/00118822400166____1__600x600.jpg","price":"2,97 €","price_unit":"(6,91 € / Litro)","categories":["Supermercado","Lácteos","Yogures","Yogures ecológicos","SUERTE AMPANERA kéfir de cabra ecológico frasco 430 ml"],"general_information":["Denominación del alimento: Kéfir de cabra","Nombre del operador: Suerte Ampanera, C.B.","Dirección del operador: Avda. de Los Reyes, 3-B Colmenar Viejo 28770 Madrid","Cantidad Neta: 430 g","Número de raciones por envase: 4"],"ingredients":[" Leche pasteurizada de cabra de producción ecológica, fermentos lácticos."],"conservation":" Conservar a 4° C","ean":"8437004828088"},{"full_name":"SUERTE AMPANERA yogur desnatado de cabra tarro 430 g","name":"yogur desnatado de cabra tarro 430 g","brand":"SUERTE AMPANERA ","img":"https://sgfm.elcorteingles.es/SGFM/dctm/MEDIA03/201706/09/00118822300051____2__600x600.jpg","price":"2,95 €","price_unit":"(6,86 € / Kilo)","categories":["Supermercado","Lácteos","Yogures","Yogures ecológicos","SUERTE AMPANERA yogur desnatado de cabra tarro 430 g"],"general_information":["Denominación del alimento: Yogur desnatado de cabra bio","Nombre del operador: Suerte Ampanera, C.B.","Dirección del operador: Avda. de Los Reyes, 3-B Colmenar Viejo 28770 Madrid","Cantidad Neta: 430 g","Número de raciones por envase: 4"],"ingredients":[" Leche pasteurizada desnatada de cabra de producción ecológica, fermentos lácticos."],"conservation":" Conservar a 4° C","ean":"8437004828040"}]