[{"full_name":"ALIADA 100% zumo de naranja a partir de concentrado sin azúcares añadidos envase 1 l","name":"100% zumo de naranja a partir de concentrado sin azúcares añadidos envase 1 l","brand":"ALIADA ","img":"https://sgfm.elcorteingles.es/SGFM/dctm/MEDIA03/201709/25/00118656701986____1__600x600.jpg","price":"0,61 €","price_unit":"(0,61 € / Litro)","categories":["Supermercado","Bebidas","Agua, Refrescos y Zumos","Zumos y néctares","Zumos y néctares naranja","ALIADA 100% zumo de naranja a partir de concentrado sin azúcares añadidos envase 1 l"],"general_information":["Denominación del alimento: ZUMO DE NARANJA A PARTIR DE CONCENTRADO","Nombre del operador: Elaborado para el Grupo El Corte Inglés \nHermosilla, 112. 28009 -Madrid- España \npor CIF: A30114490","Número de raciones por envase: Contiene 5 por"],"ingredients":[" Ingredientes: \nZumo de naranja (100%) a partir de concentrado"],"conservation":" Una vez abierto, conservar refrigerado y consumir en los próximos 4 días.\nConservar en lugar fresco y seco","ean":"8433329080422"},{"full_name":"ALIADA 100% zumo de naranja a partir de concentrado sin azúcares añadidos pack 6 envases 200 ml","name":"100% zumo de naranja a partir de concentrado sin azúcares añadidos pack 6 envases 200 ml","brand":"ALIADA ","img":"https://sgfm.elcorteingles.es/SGFM/dctm/MEDIA03/201710/20/00118656702042____6__600x600.jpg","price":"1,16 €","price_unit":"(0,97 € / Litro)","categories":["Supermercado","Bebidas","Agua, Refrescos y Zumos","Zumos y néctares","Zumos y néctares naranja","ALIADA 100% zumo de naranja a partir de concentrado sin azúcares añadidos pack 6 envases 200 ml"],"general_information":["Denominación del alimento: ZUMO DE NARANJA A PARTIR DE CONCENTRADO","Nombre del operador: Elaborado para el Grupo El Corte Inglés \nHermosilla, 112. 28009 -Madrid- España \npor CIF: A30114490"],"ingredients":[" Ingredientes: \nZumo de naranja (100%) a partir de concentrado"],"conservation":" Una vez abierto, conservar refrigerado y consumir en los próximos 4 días.\nConservar en lugar fresco y seco","ean":"8433329080446"},{"full_name":"ALIADA néctar de naranja sin azúcar elaborado a base de concentrado con edulcorantes envase 1 l","name":"néctar de naranja sin azúcar elaborado a base de concentrado con edulcorantes envase 1 l","brand":"ALIADA ","img":"https://sgfm.elcorteingles.es/SGFM/dctm/MEDIA03/201709/25/00118633604568____1__600x600.jpg","price":"0,58 €","price_unit":"(0 € / Litro)","categories":["Supermercado","Bebidas","Agua, Refrescos y Zumos","Zumos y néctares","Zumos y néctares naranja","ALIADA néctar de naranja sin azúcar elaborado a base de concentrado con edulcorantes envase 1 l"],"general_information":["Denominación del alimento: Néctar de naranja a partir de concentrado. Contenido de fruta: mínimo 50%. Con edulcorantes","Nombre del operador: Elaborado para el Grupo El Corte Inglés \nHermosilla, 112. 28009 -Madrid- España \npor CIF: A30114490"],"ingredients":[" Ingredientes:\nZumo de naranja (50%) a partir de concentrado, agua, \nacidulante: ácido cítrico, antioxidante: ácido ascórbico, edulcorantes: sucralosa y acesulfamo K."],"conservation":" Una vez abierto, conservar refrigerado y consumir en los próximos de 4 días.\nConservar en lugar fresco y seco","ean":"8433329080521"},{"full_name":"ALIADA néctar de naranja sin azúcar elaborado a base de concentrado con edulcorantes envases 200 ml","name":"néctar de naranja sin azúcar elaborado a base de concentrado con edulcorantes envases 200 ml","brand":"ALIADA ","img":"https://sgfm.elcorteingles.es/SGFM/dctm/MEDIA03/201710/20/00118633604592____6__600x600.jpg","price":"1,15 €","categories":["Supermercado","Bebidas","Agua, Refrescos y Zumos","Zumos y néctares","Zumos y néctares naranja","ALIADA néctar de naranja sin azúcar elaborado a base de concentrado con edulcorantes envases 200 ml"],"general_information":["Denominación del alimento: Néctar de naranja a partir de concentrado. Contenido de fruta: mínimo 50%. Con edulcorantes","Nombre del operador: Elaborado para el Grupo El Corte Inglés \nHermosilla, 112. 28009 -Madrid- España \npor CIF: A30114490","Número de raciones por envase: Contiene 5 por"],"ingredients":[" Ingredientes: zumo de naranja (50%) a partir de concentrado, agua, \nacidulante: ácido cítrico, antioxidante: ácido ascórbico, \nedulcorantes: sucralosa y acesulfamo K."],"conservation":" Una vez abierto, conservar refrigerado y consumir en los póximos 4 días.\nConservar en lugar fresco y seco","ean":"8433329080491"},{"full_name":"EL CORTE INGLES zumo de naranja exprimida con pulpa envase 1 l","name":"zumo de naranja exprimida con pulpa envase 1 l","brand":"EL CORTE INGLES ","img":"https://sgfm.elcorteingles.es/SGFM/dctm/MEDIA03/201703/06/00118657200525____2__600x600.jpg","price":"1,38 €","price_unit":"(1,38 € / Litro)","categories":["Supermercado","Bebidas","Agua, Refrescos y Zumos","Zumos y néctares","Zumos y néctares naranja","EL CORTE INGLES zumo de naranja exprimida con pulpa envase 1 l"],"general_information":["Denominación del alimento: Zumo de naranja exprimido con pulpa.","Nombre del operador: Elaborado para el Corte Inglés por\n AMC JUICES S.L. \nCtra. Madrid-Cartagena km 383 \n30100 Espinardo (Murcia)\nEspaña","Número de raciones por envase: 5.0"],"ingredients":[" Ingredientes: Zumo de naranja exprimido con 2% de pulpa.\nNo procedente de concentrado (zumo directo)."],"conservation":" Una vez abierto, conservar refrigerado y consumir en un plazo de 4 días","ean":"8433329017831"},{"full_name":"DON SIMON néctar naranja botella 1,5 l","name":"néctar naranja botella 1,5 l","brand":"DON SIMON ","img":"https://sgfm.elcorteingles.es/SGFM/03/12/3/0118633603123/0118633603123000g01011.jpg","price":"1,34 €","price_unit":"(0,89 € / Litro)","categories":["Supermercado","Bebidas","Agua, Refrescos y Zumos","Zumos y néctares","Zumos y néctares naranja","DON SIMON néctar naranja botella 1,5 l"],"general_information":["Denominación del alimento: Néctar de naranja. Contenido de fruta: 60% mínimo.","País de origen: España","Nombre del operador: JGC S.A","Dirección del operador: C/Jorge Juan, 73 28009 Madrid España","Cantidad Neta: 1500 Mililitros"],"ingredients":[" Zumo de naranja (55%), agua, pulpa de naranja (5%), azúcar,  vitamina C"],"conservation":" Tras su apertura, mantener refrigerado Agitar antes de consumir","ean":"8410261651019"},{"full_name":"DON SIMON DISFRUTA néctar de naranja sin azúcar botella 1,5 l","name":"DISFRUTA néctar de naranja sin azúcar botella 1,5 l","brand":"DON SIMON ","img":"https://sgfm.elcorteingles.es/SGFM/dctm/MEDIA03/201702/03/00118633602232____1__600x600.jpg","price":"1,29 €            ","price_unit":"(0 € / Litro)","categories":["Supermercado","Bebidas","Agua, Refrescos y Zumos","Zumos y néctares","Zumos y néctares naranja","DON SIMON DISFRUTA néctar de naranja sin azúcar botella 1,5 l"],"general_information":["Denominación del alimento: Bebida de zumo de frutas. Con edulcorantes. Contenido de fruta: min 40%.","País de origen: España","Nombre del operador: JGC S.A","Dirección del operador: C/Jorge Juan, 73 28009 Madrid España","Cantidad Neta: 1500 Mililitros"],"ingredients":[" Agua, zumo de naranja a partir de concentrado (40%), acidulante: ácido cítrico, edulcorante: (E-955), antioxidante: ácido ascórbico, aromas, colorante:betacaroteno"],"conservation":" Agitar antes de servir. Una vez abierto, conservar refrigerado y consumir antes de transcurridos 5 días.","ean":"8410261650036"},{"full_name":"DON SIMON zumo de naranja exprimida con pulpa envase 1 l","name":"zumo de naranja exprimida con pulpa envase 1 l","brand":"DON SIMON ","img":"https://sgfm.elcorteingles.es/SGFM/00/44/2/0118657200442/0118657200442000g01011.jpg","price":"1,48 €","price_unit":"(1,48 € / Litro)","categories":["Supermercado","Bebidas","Agua, Refrescos y Zumos","Zumos y néctares","Zumos y néctares naranja","DON SIMON zumo de naranja exprimida con pulpa envase 1 l"],"general_information":["Denominación del alimento: Zumo de naranja.Con su pulpa natural","País de origen: España","Nombre del operador: JGC S.A","Dirección del operador: C/Jorge Juan, 73 28009 Madrid España","Cantidad Neta: 1 Litros"],"ingredients":[" Zumo de naranja con su pulpa natural"],"conservation":" Una vez abierto, conservar en el frigorífico Agitar antes de consumir","ean":"8410261608105"},{"full_name":"DON SIMON zumo de naranja exprimida sin pulpa envase 2 l","name":"zumo de naranja exprimida sin pulpa envase 2 l","brand":"DON SIMON ","img":"https://sgfm.elcorteingles.es/SGFM/00/76/4/0118657200764/0118657200764000g01011.jpg","price":"3,01 €            ","price_unit":"(1,40 € / Litro)","categories":["Supermercado","Bebidas","Agua, Refrescos y Zumos","Zumos y néctares","Zumos y néctares naranja","DON SIMON zumo de naranja exprimida sin pulpa envase 2 l"],"general_information":["Denominación del alimento: Zumo de naranja","País de origen: España","Nombre del operador: JGC S.A","Dirección del operador: C/Jorge Juan, 73 28009 Madrid España","Cantidad Neta: 2 Litros"],"ingredients":[" Zumo de naranja"],"conservation":" Tras su apertura, conservar en el frigorífico Agitar antes de consumir","ean":"8410261608815"},{"full_name":"DON SIMON zumo de naranja exprimida sin pulpa envase 1 l","name":"zumo de naranja exprimida sin pulpa envase 1 l","brand":"DON SIMON ","img":"https://sgfm.elcorteingles.es/SGFM/dctm/MEDIA02/CONTENIDOS/201408/25/00118633601614____1__600x600.jpg","price":"1,48 €","price_unit":"(1,48 € / Litro)","categories":["Supermercado","Bebidas","Agua, Refrescos y Zumos","Zumos y néctares","Zumos y néctares naranja","DON SIMON zumo de naranja exprimida sin pulpa envase 1 l"],"general_information":["Denominación del alimento: Zumo de naranja","País de origen: España","Nombre del operador: JGC S.A","Dirección del operador: C/Jorge Juan, 73 28009 Madrid España","Cantidad Neta: 1 Litros"],"ingredients":[" Zumo de naranja"],"conservation":" Tras su apertura, conservar en el frigorífico Agitar antes de consumir","ean":"8410261608402"},{"full_name":"DON SIMON DISFRUTA zumo de naranja sin azúcar pack 6 envases 200 ml","name":"DISFRUTA zumo de naranja sin azúcar pack 6 envases 200 ml","brand":"DON SIMON ","img":"https://sgfm.elcorteingles.es/SGFM/dctm/MEDIA02/CONTENIDOS/201510/02/00118633602000____1__600x600.jpg","price":"1,40 €","price_unit":"(1,17 € / Litro)","categories":["Supermercado","Bebidas","Agua, Refrescos y Zumos","Zumos y néctares","Zumos y néctares naranja","DON SIMON DISFRUTA zumo de naranja sin azúcar pack 6 envases 200 ml"],"general_information":["Denominación del alimento: Bebida de zumo de frutas. Con edulcorantes. Contenido de fruta: min 40%.","País de origen: España","Nombre del operador: JGC S.A","Dirección del operador: C/Jorge Juan, 73 28009 Madrid España","Cantidad Neta: 1200 Mililitros"],"ingredients":[],"conservation":" Agitar antes de servir. Una vez abierto, conservar refrigerado y consumir antes de transcurridos 5 días.","ean":"8410261650203"},{"full_name":"DON SIMON zumo de naranja envase 1 l","name":"zumo de naranja envase 1 l","brand":"DON SIMON ","img":"https://sgfm.elcorteingles.es/SGFM/01/20/0/0118656701200/0118656701200000g01011.jpg","price":"1,05 €            ","price_unit":"(0,95 € / Litro)","categories":["Supermercado","Bebidas","Agua, Refrescos y Zumos","Zumos y néctares","Zumos y néctares naranja","DON SIMON zumo de naranja envase 1 l"],"general_information":["Denominación del alimento: Zumo de naranja a partir de concentrado.","País de origen: España","Nombre del operador: JGC S.A","Dirección del operador: C/Jorge Juan, 73 28009 Madrid España","Cantidad Neta: 1 Litros"],"ingredients":[" Zumo de naranja a partir de concentrado"],"conservation":" Tras su apertura, consumir antes de trascurridos 4 días Agitar antes de usar","ean":"8410261160108"},{"full_name":"DON SIMON zumo naranja exprimida sin pulpa pack 3 envase 200 ml","name":"zumo naranja exprimida sin pulpa pack 3 envase 200 ml","brand":"DON SIMON ","img":"https://sgfm.elcorteingles.es/SGFM/00/49/1/0118657200491/0118657200491000g01011.jpg","price":"1,02 €","price_unit":"(1,70 € / Litro)","categories":["Supermercado","Bebidas","Agua, Refrescos y Zumos","Zumos y néctares","Zumos y néctares naranja","DON SIMON zumo naranja exprimida sin pulpa pack 3 envase 200 ml"],"general_information":["Denominación del alimento: Zumo de naranja","País de origen: España","Nombre del operador: JGC S.A","Dirección del operador: C/Jorge Juan, 73 28009 Madrid España","Cantidad Neta: 600 Mililitros"],"ingredients":[" Zumo de naranja"],"conservation":" Tras su apertura, conservar en el frigorífico Agitar antes de consumir","ean":"8410261608303"},{"full_name":"GRANINI néctar de naranja botella 1,5 l","name":"néctar de naranja botella 1,5 l","brand":"GRANINI ","img":"https://sgfm.elcorteingles.es/SGFM/02/94/3/0118633602943/0118633602943000g01011.jpg","price":"2,89 €            ","price_unit":"(1.906,67 € / Litro)","categories":["Supermercado","Bebidas","Agua, Refrescos y Zumos","Zumos y néctares","Zumos y néctares naranja","GRANINI néctar de naranja botella 1,5 l"],"general_information":["Denominación del alimento: Néctar de naranja hecho parcialmente a partir de concentrado","Nombre del operador: Eckes-Granini Ibérica, S.A.U.","Dirección del operador: Avda Diagonal, nº 514, 1er piso, puerta 1,2. 08006, Barcelona, Spain","Cantidad Neta: 1.5 Litros"],"ingredients":[" Naranja (zumo a partir de concentrado (40%), zumo (10%)), agua, azúcar, pulpa de naranja (5%), vitamina C."],"conservation":" Una vez abierto conservar en el frigorífico y consumir en 3-4 días.","ean":"8431707000673"},{"full_name":"GRANINI néctar de naranja dulce botella 1 l","name":"néctar de naranja dulce botella 1 l","brand":"GRANINI ","img":"https://sgfm.elcorteingles.es/SGFM/02/62/0/0118633602620/0118633602620000g01011.jpg","price":"1,99 €","price_unit":"(1,99 € / Litro)","categories":["Supermercado","Bebidas","Agua, Refrescos y Zumos","Zumos y néctares","Zumos y néctares naranja","GRANINI néctar de naranja dulce botella 1 l"],"general_information":["Denominación del alimento: Zumo de naranja a partir de concentrado","Nombre del operador: Eckes-Granini Ibérica, S.A.U.","Dirección del operador: Avda Diagonal, nº 514, 1er piso, puerta 1,2. 08006, Barcelona, Spain","Cantidad Neta: 1 Litros"],"ingredients":[" zumo de naranja a partir de zumo de naranja concentrado, pulpa de naranja"],"conservation":" Una vez abierto conservar en el frigorífico y consumir en 3-4 días.","ean":"8431707003575"},{"full_name":"GRANINI néctar naranja botella 1 l","name":"néctar naranja botella 1 l","brand":"GRANINI ","img":"https://sgfm.elcorteingles.es/SGFM/00/37/6/0118633600376/0118633600376000g01011.jpg","price":"1,99 €","price_unit":"(1,99 € / Litro)","categories":["Supermercado","Bebidas","Agua, Refrescos y Zumos","Zumos y néctares","Zumos y néctares naranja","GRANINI néctar naranja botella 1 l"],"general_information":["Denominación del alimento: Néctar de naranja hecho parcialmente a partir de concentrado","Nombre del operador: Eckes-Granini Ibérica, S.A.U.","Dirección del operador: Avda Diagonal, nº 514, 1er piso, puerta 1,2. 08006, Barcelona, Spain","Cantidad Neta: 1.25 Litros"],"ingredients":[" Naranja (zumo a partir de concentrado (40%), zumo (10%)), agua, azúcar, pulpa de naranja (5%), vitamina C."],"conservation":" Una vez abierto conservar en el frigorífico y consumir en 3-4 días.","ean":"8431707113717"},{"full_name":"GRANINI néctar naranja envase 33 cl","name":"néctar naranja envase 33 cl","brand":"GRANINI ","img":"https://sgfm.elcorteingles.es/SGFM/dctm/MEDIA03/201705/09/00118633604261____1__600x600.jpg","price":"1,00 €","price_unit":"(3,03 € / Litro)","categories":["Supermercado","Bebidas","Agua, Refrescos y Zumos","Zumos y néctares","Zumos y néctares naranja","GRANINI néctar naranja envase 33 cl"],"general_information":["Denominación del alimento: Néctar de naranja hecho parcialmente a partir de concentrado","Nombre del operador: Eckes-Granini Ibérica, S.A.U.","Dirección del operador: Avda Diagonal, nº 514, 1er piso, puerta 1,2. 08006, Barcelona, Spain","Cantidad Neta: 0.33 Litros"],"ingredients":[" Naranja (zumo a partir de concentrado (40%), zumo (10%)), agua, azúcar, pulpa de naranja (5%), vitamina C."],"conservation":" Una vez abierto conservar en el frigorífico y consumir en 3-4 días.","ean":"8431707000086"},{"full_name":"GRANINI néctar de naranja light con stevia sin azucares añadidos botella 1 l","name":"néctar de naranja light con stevia sin azucares añadidos botella 1 l","brand":"GRANINI ","img":"https://sgfm.elcorteingles.es/SGFM/03/58/6/0118633603586/0118633603586000g01011.jpg","price":"1,99 €","price_unit":"(1,99 € / Litro)","categories":["Supermercado","Bebidas","Agua, Refrescos y Zumos","Zumos y néctares","Zumos y néctares naranja","GRANINI néctar de naranja light con stevia sin azucares añadidos botella 1 l"],"general_information":["Denominación del alimento: Bebida de naranja hecha parcialmente a partir de concentrado con edulcorante: con extracto de la hoja de Stevia, magnesio y vitaminas B6 y B12.","Nombre del operador: Eckes-Granini Ibérica, S.A.U.","Dirección del operador: Avda Diagonal, nº 514, 1er piso, puerta 1,2. 08006, Barcelona, Spain","Cantidad Neta: 1 Litros"],"ingredients":[" zumo de naranja a partir de zumo de naranja concentrado, agua, pulpa de naranja, acidulante: ácido cítrico, carbonato de magnesio, aroma natural, antioxidante: ácido ascórbico, aroma natural, edulcorante: glucósidos de Steviol, vitamina B6, vitamina B12."],"conservation":" Una vez abierto conservar en el frigorífico y consumir en 3-4 días.","ean":"8431707113779"},{"full_name":"GRANINI zumo de naranja pack 3 envase 200 ml","name":"zumo de naranja pack 3 envase 200 ml","brand":"GRANINI ","img":"https://sgfm.elcorteingles.es/SGFM/01/85/3/0118633601853/0118633601853000g01011.jpg","price":"1,33 €","price_unit":"(2,22 € / Litro)","categories":["Supermercado","Bebidas","Agua, Refrescos y Zumos","Zumos y néctares","Zumos y néctares naranja","GRANINI zumo de naranja pack 3 envase 200 ml"],"general_information":["Denominación del alimento: Néctar de naranja hecho parcialmente a partir de concentrado","Nombre del operador: Eckes-Granini Ibérica, S.A.U.","Dirección del operador: Avda Diagonal, nº 514, 1er piso, puerta 1,2. 08006, Barcelona, Spain","Cantidad Neta: 0.6 Litros"],"ingredients":[" Naranja (zumo a partir de concentrado (40%), zumo (10%)), agua, azúcar, vitamina C."],"conservation":" Una vez abierto conservar en el frigorífico y consumir en 3-4 días.","ean":"4002160092501"},{"full_name":"GRANINI néctar de naranja pack 3 botellas 20 cl","name":"néctar de naranja pack 3 botellas 20 cl","brand":"GRANINI ","img":"https://sgfm.elcorteingles.es/SGFM/03/74/3/0118633603743/0118633603743000g01011.jpg","price":"2,54 €","price_unit":"(4,23 € / Litro)","categories":["Supermercado","Bebidas","Agua, Refrescos y Zumos","Zumos y néctares","Zumos y néctares naranja","GRANINI néctar de naranja pack 3 botellas 20 cl"],"general_information":["Denominación del alimento: Néctar de naranja hecho parcialmente a partir de concentrado","Nombre del operador: Eckes-Granini Ibérica, S.A.U.","Dirección del operador: Avda Diagonal, nº 514, 1er piso, puerta 1,2. 08006, Barcelona, Spain","Cantidad Neta: 0.6 Litros"],"ingredients":[" Naranja (zumo a partir de concentrado (40%), zumo (10%)), agua, azúcar, pulpa de naranja (5%), vitamina C."],"conservation":" Una vez abierto conservar en el frigorífico y consumir en 3-4 días.","ean":"8431707000451"},{"full_name":"ZUMOSOL zumo de naranja con pulpa 100% fruta exprimida envase 1 l","name":"zumo de naranja con pulpa 100% fruta exprimida envase 1 l","brand":"ZUMOSOL ","img":"https://sgfm.elcorteingles.es/SGFM/dctm/MEDIA03/201610/04/00118657201069____1__600x600.jpg","price":"1,87 €            ","price_unit":"(1,81 € / Litro)","categories":["Supermercado","Bebidas","Agua, Refrescos y Zumos","Zumos y néctares","Zumos y néctares naranja","ZUMOSOL zumo de naranja con pulpa 100% fruta exprimida envase 1 l"],"general_information":["Denominación del alimento: Zumo de Naranja Exprimida con Pulpa","Nombre del operador: Zumos Palma S.L.U","Dirección del operador: Pol. Industrial Mataché, Parc 18-53, 14700 Palma del Río, Córdoba.","Cantidad Neta: 1 Litros"],"ingredients":[" 100% Zumo de naranja y pulpa de naranja"],"conservation":" Una vez abierto el envase, conservar en el frigorifico y consumir en un máximo de 4 días.","ean":"8435425104385"},{"full_name":"ZUMOSOL zumo de naranja sin pulpa 100% fruta exprimida envase 1 l","name":"zumo de naranja sin pulpa 100% fruta exprimida envase 1 l","brand":"ZUMOSOL ","img":"https://sgfm.elcorteingles.es/SGFM/dctm/MEDIA03/201610/04/00118657201051____1__600x600.jpg","price":"1,87 €            ","price_unit":"(1,81 € / Litro)","categories":["Supermercado","Bebidas","Agua, Refrescos y Zumos","Zumos y néctares","Zumos y néctares naranja","ZUMOSOL zumo de naranja sin pulpa 100% fruta exprimida envase 1 l"],"general_information":["Denominación del alimento: Zumo de Naranja Exprimida sin Pulpa","Nombre del operador: Zumos Palma S.L.U","Dirección del operador: Pol. Industrial Mataché, Parc 18-53, 14700 Palma del Río, Córdoba.","Cantidad Neta: 1 Litros"],"ingredients":[" 100% Zumo de naranja"],"conservation":" Una vez abierto el envase, conservar en el frigorifico y consumir en un máximo de 4 días.","ean":"8435425104415"},{"full_name":"ZUMOSOL néctar de naranja con 50% de vitamina C envase 1 l","name":"néctar de naranja con 50% de vitamina C envase 1 l","brand":"ZUMOSOL ","img":"https://sgfm.elcorteingles.es/SGFM/dctm/MEDIA02/CONTENIDOS/201410/14/00118656701259____2__600x600.jpg","price":"0,99 €","price_unit":"(0,99 € / Litro)","categories":["Supermercado","Bebidas","Agua, Refrescos y Zumos","Zumos y néctares","Zumos y néctares naranja","ZUMOSOL néctar de naranja con 50% de vitamina C envase 1 l"],"general_information":[],"ingredients":[],"ean":"8435425107393"},{"full_name":"ZUMOSOL solo zumo 100% naranjas exprimidas con pulpa envase 850 ml","name":"solo zumo 100% naranjas exprimidas con pulpa envase 850 ml","brand":"ZUMOSOL ","img":"https://sgfm.elcorteingles.es/SGFM/dctm/MEDIA03/201609/08/00118657200665____3__600x600.jpg","price":"2,05 €","price_unit":"(2,41 € / Litro)","categories":["Supermercado","Bebidas","Agua, Refrescos y Zumos","Zumos y néctares","Zumos y néctares naranja","ZUMOSOL solo zumo 100% naranjas exprimidas con pulpa envase 850 ml"],"general_information":["Denominación del alimento: Zumo de Naranja Exprimida con Pulpa","Nombre del operador: Zumos Palma S.L.U","Dirección del operador: Pol. Industrial Mataché, Parc 18-53, 14700 Palma del Río, Córdoba.","Cantidad Neta: 850 Mililitros"],"ingredients":[" 100% Zumo de naranja y pulpa de naranja"],"conservation":" Una vez abierto el envase conservese en el frigorifico y consumir en un maximo de 4 dias","ean":"8410128300340"},{"full_name":"ZUMOSOL solo zumo 100% naranjas exprimidas sin pulpa envase 850 ml","name":"solo zumo 100% naranjas exprimidas sin pulpa envase 850 ml","brand":"ZUMOSOL ","img":"https://sgfm.elcorteingles.es/SGFM/dctm/MEDIA02/CONTENIDOS/201510/19/00118657200608____2__600x600.jpg","price":"2,05 €","price_unit":"(2,41 € / Litro)","categories":["Supermercado","Bebidas","Agua, Refrescos y Zumos","Zumos y néctares","Zumos y néctares naranja","ZUMOSOL solo zumo 100% naranjas exprimidas sin pulpa envase 850 ml"],"general_information":["Denominación del alimento: Zumo de Naranja Exprimida sin Pulpa","Nombre del operador: Zumos Palma S.L.U","Dirección del operador: Pol. Industrial Mataché, Parc 18-53, 14700 Palma del Río, Córdoba.","Cantidad Neta: 850 Mililitros"],"ingredients":[" 100% Zumo de naranja exprimida"],"conservation":" Una vez abierto el envase conservese en el frigorifico y consumir en un maximo de 4 dias","ean":"8410128300241"},{"full_name":"ZUMOSOL 100% zumo de naranjas exprimidas sin pulpa botella 200 ml","name":"100% zumo de naranjas exprimidas sin pulpa botella 200 ml","brand":"ZUMOSOL ","img":"https://sgfm.elcorteingles.es/SGFM/dctm/MEDIA02/CONTENIDOS/201505/05/00118657200889____1__600x600.jpg","price":"0,69 €","price_unit":"(3,45 € / Litro)","categories":["Supermercado","Bebidas","Agua, Refrescos y Zumos","Zumos y néctares","Zumos y néctares naranja","ZUMOSOL 100% zumo de naranjas exprimidas sin pulpa botella 200 ml"],"general_information":["Denominación del alimento: Zumo de Naranja Exprimida sin Pulpa","Nombre del operador: Zumos Palma S.L.U","Dirección del operador: Pol. Industrial Mataché, Parc 18-53, 14700 Palma del Río, Córdoba.","Cantidad Neta: 200 Mililitros"],"ingredients":[" 100% Zumo de naranja exprimida"],"conservation":" Una vez abierto el envase conservese en el frigorifico y consumir en un maximo de 4 dias","ean":"8435425100134"},{"full_name":"ZUMOSOL zumo de naranja y guayaba 100% exprimido envase 1 l","name":"zumo de naranja y guayaba 100% exprimido envase 1 l","brand":"ZUMOSOL ","img":"https://sgfm.elcorteingles.es/SGFM/dctm/MEDIA02/CONTENIDOS/201509/10/00118658601473____1__600x600.jpg","price":"1,57 €","price_unit":"(1,57 € / Litro)","categories":["Supermercado","Bebidas","Agua, Refrescos y Zumos","Zumos y néctares","Zumos y néctares naranja","ZUMOSOL zumo de naranja y guayaba 100% exprimido envase 1 l"],"general_information":["Denominación del alimento: Zumo Exprimido de Naranja-Guayaba","Nombre del operador: Zumos Palma S.L.U","Dirección del operador: Pol. Industrial Mataché, Parc 18-53, 14700 Palma del Río, Córdoba.","Cantidad Neta: 1 Litros"],"ingredients":[" Zumo exprimido de naranja (55%), manzana (20%), uva (20%) y guayaba(5%)"],"conservation":" Una vez abierto el envase conservese en el frigorifico y consumir en un maximo de 4 dias","ean":"8435425100639"},{"full_name":"ZUMOSOL zumo de naranja y fresa 100% fruta exprimida envase 1 l","name":"zumo de naranja y fresa 100% fruta exprimida envase 1 l","brand":"ZUMOSOL ","img":"https://sgfm.elcorteingles.es/SGFM/dctm/MEDIA02/CONTENIDOS/201601/21/00118658601481____1__600x600.jpg","price":"1,79 €","price_unit":"(1,79 € / Litro)","categories":["Supermercado","Bebidas","Agua, Refrescos y Zumos","Zumos y néctares","Zumos y néctares naranja","ZUMOSOL zumo de naranja y fresa 100% fruta exprimida envase 1 l"],"general_information":["Denominación del alimento: Zumo de naranja, uva, fresa y manzana","Nombre del operador: Zumos Palma S.L.U","Dirección del operador: Pol. Industrial Mataché, Parc 18-53, 14700 Palma del Río, Córdoba.","Cantidad Neta: 1 Litros"],"ingredients":[" Zumo exprimido de naranja (31%), uva (29.8%), fresa (20%) y manzana (19.2%)"],"conservation":" Una vez abierto, conservar en el frigorífico y consumir en un máximo de 4 días.","ean":"8435425103319"},{"full_name":"ZUMOSOL zumo de naranja y arándano 100% fruta exprimida envase 1 l","name":"zumo de naranja y arándano 100% fruta exprimida envase 1 l","brand":"ZUMOSOL ","img":"https://sgfm.elcorteingles.es/SGFM/dctm/MEDIA02/CONTENIDOS/201601/21/00118658601499____1__600x600.jpg","price":"1,79 €","price_unit":"(1,79 € / Litro)","categories":["Supermercado","Bebidas","Agua, Refrescos y Zumos","Zumos y néctares","Zumos y néctares naranja","ZUMOSOL zumo de naranja y arándano 100% fruta exprimida envase 1 l"],"general_information":["Denominación del alimento: Zumo de Naranja, Uva, Manzana y Arandano","Nombre del operador: Zumos Palma S.L.U","Dirección del operador: Pol. Industrial Mataché, Parc 18-53, 14700 Palma del Río, Córdoba.","Cantidad Neta: 1 Litros"],"ingredients":[" Zumo exprimido de naranja 45%, uva 30%, manzana 20% y arándano 5%"],"conservation":" Conservar en el frigorífico y consumir en un máximo de 4 días","ean":"8435425103340"},{"full_name":"ZUMOSOL zumo de naranja y kiwi envase 1 l","name":"zumo de naranja y kiwi envase 1 l","brand":"ZUMOSOL ","img":"https://sgfm.elcorteingles.es/SGFM/dctm/MEDIA03/201609/08/00118658601325____2__600x600.jpg","price":"1,62 €","price_unit":"(1,62 € / Litro)","categories":["Supermercado","Bebidas","Agua, Refrescos y Zumos","Zumos y néctares","Zumos y néctares naranja","ZUMOSOL zumo de naranja y kiwi envase 1 l"],"general_information":["Denominación del alimento: Zumo Exprimido de Naranja-Kiwi","Nombre del operador: Zumos Palma S.L.U","Dirección del operador: Pol. Industrial Mataché, Parc 18-53, 14700 Palma del Río, Córdoba.","Cantidad Neta: 1 Litros"],"ingredients":[" Zumo exprimido de naranja (55%), manzana (17,5%), uva (20%) y kiwi(7,5%)"],"conservation":" Una vez abierto el envase conservese en el frigorifico y consumir en un maximo de 4 dias","ean":"8435425100516"},{"full_name":"ZUMOSOL zumo de naranja y mango envase 1 l","name":"zumo de naranja y mango envase 1 l","brand":"ZUMOSOL ","img":"https://sgfm.elcorteingles.es/SGFM/dctm/MEDIA03/201609/08/00118658601333____2__600x600.jpg","price":"1,62 €","price_unit":"(1,62 € / Litro)","categories":["Supermercado","Bebidas","Agua, Refrescos y Zumos","Zumos y néctares","Zumos y néctares naranja","ZUMOSOL zumo de naranja y mango envase 1 l"],"general_information":["Denominación del alimento: Zumo Exprimido de Naranja-Mango","Nombre del operador: Zumos Palma S.L.U","Dirección del operador: Pol. Industrial Mataché, Parc 18-53, 14700 Palma del Río, Córdoba.","Cantidad Neta: 1 Litros"],"ingredients":[" Zumo exprimido de naranja (55%), manzana (20%), uva (20%) y  mango (5%)"],"conservation":" Una vez abierto el envase conservese en el frigorifico y consumir en un maximo de 4 dias","ean":"8435425100486"},{"full_name":"ZUMOSOL zumo de naranja exprimida pack 3 envases 200 ml","name":"zumo de naranja exprimida pack 3 envases 200 ml","brand":"ZUMOSOL ","img":"https://sgfm.elcorteingles.es/SGFM/dctm/MEDIA03/201707/05/00118657201168____1__600x600.jpg","price":"1,90 €            ","price_unit":"(3,10 € / Litro)","categories":["Supermercado","Bebidas","Agua, Refrescos y Zumos","Zumos y néctares","Zumos y néctares naranja","ZUMOSOL zumo de naranja exprimida pack 3 envases 200 ml"],"general_information":[],"ingredients":[],"ean":"8435425107959"},{"full_name":"JUVER DISFRUTA néctar naranja sin azúcar envase 2 l","name":"néctar naranja sin azúcar envase 2 l","brand":"JUVER DISFRUTA ","img":"https://sgfm.elcorteingles.es/SGFM/dctm/MEDIA02/CONTENIDOS/201408/25/00118633600210____1__600x600.jpg","price":"2,29 €","price_unit":"(1,14 € / Litro)","categories":["Supermercado","Bebidas","Agua, Refrescos y Zumos","Zumos y néctares","Zumos y néctares naranja","JUVER DISFRUTA néctar naranja sin azúcar envase 2 l"],"general_information":["Denominación del alimento: Bebida Refrescante de zumo de naranja parcialmente a partir de concentrado con edulcorantes","País de origen: España","Nombre del operador: Juver Alimentación S.L.U.","Dirección del operador: C/Julio Cortazar, 46 - 30110 Murcia","Cantidad Neta: 2 Litros"],"ingredients":[" Zumo de naranja a partir de concentrado y zumo de naranja directo (50%), agua, acidulante (acido citrico), antioxidante (acido L-ascorbico), edulcorantes (sucralosa y acesulfame-K) y aroma natural."],"conservation":" Mantener en lugar fresco y seco. Una vez abierto se debe conservar en el frigorífico y consumir antes de 3 días.","ean":"8410707110452"},{"full_name":"JUVER DISFRUTA néctar de naranja, mango y zanahoria sin azúcares añadidos envase 1 l","name":"néctar de naranja, mango y zanahoria sin azúcares añadidos envase 1 l","brand":"JUVER DISFRUTA ","img":"https://sgfm.elcorteingles.es/SGFM/dctm/MEDIA03/201609/23/00118633604337____6__600x600.jpg","price":"1,16 €","categories":["Supermercado","Bebidas","Agua, Refrescos y Zumos","Zumos y néctares","Zumos y néctares naranja","JUVER DISFRUTA néctar de naranja, mango y zanahoria sin azúcares añadidos envase 1 l"],"general_information":[],"ingredients":[],"ean":"8410707003693"},{"full_name":"JUVER DISFRUTA néctar de naranja sin azúcar pack 6 envase 200 ml","name":"néctar de naranja sin azúcar pack 6 envase 200 ml","brand":"JUVER DISFRUTA ","img":"https://sgfm.elcorteingles.es/SGFM/00/56/6/0118633600566/0118633600566000g01011.jpg","price":"2,21 €","price_unit":"(1,84 € / Litro)","categories":["Supermercado","Bebidas","Agua, Refrescos y Zumos","Zumos y néctares","Zumos y néctares naranja","JUVER DISFRUTA néctar de naranja sin azúcar pack 6 envase 200 ml"],"general_information":["Denominación del alimento: Bebida Refrescante de zumo de naranja parcialmente a partir de concentrado con edulcorantes","País de origen: España","Nombre del operador: Juver Alimentación S.L.U.","Dirección del operador: C/Julio Cortazar, 46 - 30110 Murcia","Cantidad Neta: 1200 Mililitros"],"ingredients":[" Zumo de naranja a partir de concentrado y zumo de naranja directo (50%), agua, acidulante (acido citrico), antioxidante (acido L-ascorbico), edulcorantes (sucralosa y acesulfame-K) y aroma natural."],"conservation":" Mantener en lugar fresco y seco. Una vez abierto se debe conservar en el frigorífico y consumir antes de 3 días.","ean":"8410707110377"},{"full_name":"JUVER 100% zumo concentrado de naranja con Vitamina C envase 2 l","name":"100% zumo concentrado de naranja con Vitamina C envase 2 l","brand":"JUVER ","img":"https://sgfm.elcorteingles.es/SGFM/dctm/MEDIA02/CONTENIDOS/201509/10/00118656701820____1__600x600.jpg","price":"2,38 €","price_unit":"(1,19 € / Litro)","categories":["Supermercado","Bebidas","Agua, Refrescos y Zumos","Zumos y néctares","Zumos y néctares naranja","JUVER 100% zumo concentrado de naranja con Vitamina C envase 2 l"],"general_information":["Denominación del alimento: Zumo de naranja parcialmente a partir de concentrado.","País de origen: España","Nombre del operador: Juver Alimentacion S.L.U.","Dirección del operador: C/Julio Cortazar, 46 - 30110 Murcia","Cantidad Neta: 2000 Mililitros"],"ingredients":[" Zumo de naranja a partir de concentrado (90%), zumo de naranja (10%) y vitamina C."],"conservation":" Mantener en lugar fresco y seco. Una vez abierto se debe conservar en el frigorífico y consumir antes de 3 días.","ean":"8410707133451"},{"full_name":"MINUTE MAID CLASICOS néctar de naranja a partir de concentrado botella 1 l","name":"néctar de naranja a partir de concentrado botella 1 l","brand":"MINUTE MAID CLASICOS ","img":"https://sgfm.elcorteingles.es/SGFM/03/33/9/0118633603339/0118633603339000g01011.jpg","price":"1,39 €","price_unit":"(1,39 € / Litro)","categories":["Supermercado","Bebidas","Agua, Refrescos y Zumos","Zumos y néctares","Zumos y néctares naranja","MINUTE MAID CLASICOS néctar de naranja a partir de concentrado botella 1 l"],"general_information":["Denominación del alimento: Néctar de naranja a partir de concentrado.","Nombre del operador: Coca-Cola European Partners Iberia, S.L.U.","Dirección del operador: C/Ribera del Loira 20-22, 28042 - Madrid (España).","Cantidad Neta: 1 Litros"],"ingredients":[" Zumo de naranja a partir de concentrado, agua, pulpa de naranja y azúcar."],"ean":"5449000067357"},{"full_name":"MINUTE MAID bebida a base de zumo de naranja a partir de concentrado sin azúcares añadidos botella 1 l con extracto de stevia","name":"bebida a base de zumo de naranja a partir de concentrado sin azúcares añadidos botella 1 l","brand":"MINUTE MAID ","img":"https://sgfm.elcorteingles.es/SGFM/03/75/0/0118633603750/0118633603750000g01011.jpg","price":"1,39 €","price_unit":"(1,39 € / Litro)","categories":["Supermercado","Bebidas","Agua, Refrescos y Zumos","Zumos y néctares","Zumos y néctares naranja","MINUTE MAID bebida a base de zumo de naranja a partir de concentrado sin azúcares añadidos botella 1 l con extracto de stevia"],"general_information":["Denominación del alimento: Bebida refrescante a base de zumo de naranja. sin azúcares añadidos. con edulcorantes","Nombre del operador: Coca-Cola European Partners Iberia, S.L.U.","Dirección del operador: C/Ribera del Loira 20-22, 28042 - Madrid (España).","Cantidad Neta: 1 Litros"],"ingredients":[" 65% zumo de naranja a partir de concentrado, agua, pulpa de naranja y edulcorante glucósidos de esteviol."],"ean":"5449000193476"},{"full_name":"LAMBDA bio zumo de naranja ecológico botella 1 l","name":"bio zumo de naranja ecológico botella 1 l","brand":"LAMBDA ","img":"https://sgfm.elcorteingles.es/SGFM/00/05/3/0118628000053/0118628000053000g01011.jpg","price":"2,76 €","price_unit":"(2,76 € / Litro)","categories":["Supermercado","Bebidas","Agua, Refrescos y Zumos","Zumos y néctares","Zumos y néctares naranja","LAMBDA bio zumo de naranja ecológico botella 1 l"],"general_information":["Denominación del alimento: Zumo de naranja ecológica a partir de concentrado","País de origen: España","Nombre del operador: Jugos canarios S.L.","Dirección del operador: Po. Ind. Salinetas, C/ Pastor, 19 - 35219 Telde","Lugar de procedencia del alimento: España","Cantidad Neta: 1 Litros","Otras menciones obligatorias en la etiqueta: Con pulpa de naranja."],"ingredients":[" Zumo de naranja ecológica a partir de concentrado (97%) y pulpa de naranja ecológica (3%)."],"conservation":" Consérvese en el frigorífico una vez abierto.","ean":"8426612010008"},{"full_name":"PASCUAL VIVESOY zumo de naranja y soja pack 3 envase 250 ml","name":"zumo de naranja y soja pack 3 envase 250 ml","brand":"PASCUAL VIVESOY ","img":"https://sgfm.elcorteingles.es/SGFM/dctm/MEDIA03/201609/07/00118663300087____1__600x600.jpg","price":"1,75 €","price_unit":"(2,33 € / Litro)","categories":["Supermercado","Bebidas","Agua, Refrescos y Zumos","Zumos y néctares","Zumos y néctares naranja","PASCUAL VIVESOY zumo de naranja y soja pack 3 envase 250 ml"],"general_information":["Denominación del alimento: Bebida de zumo de naranja y soja","Nombre del operador: Calidad Pascual, SAU.","Dirección del operador: Ctra. De Palencia, s/n - 09400 Aranda de Duero (Burgos)","Cantidad Neta: 750 Mililitros","Número de raciones por envase: 3","Otras menciones obligatorias en la etiqueta: Bebida 100% vegetal con soja seleccionada. Elaborada con soja certificada como no transgénica. Sólo semillas de máxima calidad y con la mejor selección de zumos de frutas."],"ingredients":[" Agua, zumo de naranja (11%) a partir de concentrado, azúcar, semillas de soja (2.7%), estabilizante: E-440, acidulante: E-330, aroma, antioxidante: E-300, colorante: E-160 a."],"conservation":" Una vez abierto, conservar el envase en nevera y consumir en el mismo día de apertura.","ean":"8410128651046"},{"full_name":"RAUCH Bravo néctar de naranja envase 2 l","name":"Bravo néctar de naranja envase 2 l","brand":"RAUCH ","img":"https://sgfm.elcorteingles.es/SGFM/dctm/MEDIA02/CONTENIDOS/201502/05/00200533604989____1__600x600.jpg","price":"2,99 €","price_unit":"(1,50 € / Litro)","categories":["Supermercado","Bebidas","Agua, Refrescos y Zumos","Zumos y néctares","Zumos y néctares naranja","RAUCH Bravo néctar de naranja envase 2 l"],"general_information":["Denominación del alimento: Bebida de zumo de manzana con un toque de azúcar y dulcificantes","Nombre del operador: Comercial Masoliver S.A.","Dirección del operador: Calle Puntia, 18 - 17857 Begudà (Girona) España","Lugar de procedencia del alimento: 040 - Austria","Cantidad Neta: 2 Litros"],"ingredients":[" Agua, puré de manzana (20%), azúcar, zumo de manzana concentrado, acidificante: ácido cítrico; estabilizante: pectina; vitamina C, ,colorantes: beta caroteno, acesulfamo K"],"conservation":" Mantener en lugar fresco y seco","ean":"0000090169830"},{"full_name":"GRUFESCO zumo de naranja natural botella 1 l","name":"zumo de naranja natural botella 1 l","brand":"GRUFESCO ","img":"https://sgfm.elcorteingles.es/SGFM/dctm/MEDIA02/CONTENIDOS/201507/30/00202080100114____1__600x600.jpg","price":"2,99 €","price_unit":"(2,99 € / Litro)","categories":["Supermercado","Bebidas","Agua, Refrescos y Zumos","Zumos y néctares","Zumos y néctares naranja","GRUFESCO zumo de naranja natural botella 1 l"],"general_information":[],"ingredients":[],"ean":"8436562901912"},{"full_name":"GRANINI néctar de kiwi y naranja botella 1 l","name":"néctar de kiwi y naranja botella 1 l","brand":"GRANINI ","img":"https://sgfm.elcorteingles.es/SGFM/dctm/MEDIA03/201706/16/00118633604485____1__600x600.jpg","price":"1,99 €","price_unit":"(1,99 € / Litro)","categories":["Supermercado","Bebidas","Agua, Refrescos y Zumos","Zumos y néctares","Zumos y néctares naranja","GRANINI néctar de kiwi y naranja botella 1 l"],"general_information":["Denominación del alimento: Bebida de Kiwi-Naranja hecha parcialmente a partir de concentrado con edulcorante: extracto de la hoja de Stevia y azúcar","Nombre del operador: Eckes-Granini Ibérica, S.A.U.","Dirección del operador: Avda Diagonal, nº 514, 1er piso, puerta 1,2. 08006, Barcelona, Spain","Cantidad Neta: 1 Litros"],"ingredients":[" agua, zumo de naranja a partir de concentrado (8%),  zumo de kiwi a partir de concentrado (8%), puré de kiwi (5%), azúcar, zumo de limón a partir de concentrado, zumo de acerola a partir de concentrado (1%), estabilizador: pectina, aroma natural, edulcorante: glucósidos de esteviol, color clorofilina de sodio."],"conservation":" Una vez abierto conservar en el frigorífico y consumir en 3-4 días.","ean":"8431707046428"},{"full_name":"ALIADA 100% zumo de piña y uva a partir de concentrado sin azúcares añadidos envase 1 l","name":"100% zumo de piña y uva a partir de concentrado sin azúcares añadidos envase 1 l","brand":"ALIADA ","img":"https://sgfm.elcorteingles.es/SGFM/dctm/MEDIA03/201709/25/00118656701994____1__600x600.jpg","price":"0,64 €","price_unit":"(0,64 € / Litro)","categories":["Supermercado","Bebidas","Agua, Refrescos y Zumos","Zumos y néctares","Zumos y néctares piña","ALIADA 100% zumo de piña y uva a partir de concentrado sin azúcares añadidos envase 1 l"],"general_information":["Denominación del alimento: ZUMO DE PIÑA Y UVA A PARTIR DE CONCENTRADO","Nombre del operador: Elaborado para el Grupo El Corte Inglés \nHermosilla, 112. 28009 -Madrid- España \npor CIF: A30114490","Número de raciones por envase: Contiene 5 por"],"ingredients":[" Ingredientes: \nZumo de piña (55%) a partir de concentrado y zumo de uva (45%) a partir de concentrado."],"conservation":" Una vez abierto, conservar refrigerado y consumir en los próximos 4 días.\nConservar en lugar fresco y seco","ean":"8433329080439"},{"full_name":"ALIADA 100% zumo de piña, uva y manzana a partir de concentrado sin azúcares añadidos pack 6 envases 200 ml","name":"100% zumo de piña, uva y manzana a partir de concentrado sin azúcares añadidos pack 6 envases 200 ml","brand":"ALIADA ","img":"https://sgfm.elcorteingles.es/SGFM/dctm/MEDIA03/201710/20/00118656702026____6__600x600.jpg","price":"1,00 €","price_unit":"(0,83 € / Litro)","categories":["Supermercado","Bebidas","Agua, Refrescos y Zumos","Zumos y néctares","Zumos y néctares piña","ALIADA 100% zumo de piña, uva y manzana a partir de concentrado sin azúcares añadidos pack 6 envases 200 ml"],"general_information":["Denominación del alimento: ZUMO DE PIÑA, UVA Y MANZANA A PARTIR DE CONCENTRADOS","Nombre del operador: Elaborado para el Grupo El Corte Inglés \nHermosilla, 112. 28009 -Madrid- España \npor CIF: A30114490"],"ingredients":[" Ingredientes: \nZumo de piña (55%) a partir de concentrado, zumo de uva (25%) a partir de concentrado y zumo de manzana (20%) a partir de concentrado."],"conservation":" Una vez abierto, conservar refrigerado y consumir en los proximos 4 días.\nConservar en lugar fresco y seco.","ean":"8433329080408"},{"full_name":"ALIADA néctar de piña sin azúcar elaborado a base de concentrado con edulcorantes envase 1 l","name":"néctar de piña sin azúcar elaborado a base de concentrado con edulcorantes envase 1 l","brand":"ALIADA ","img":"https://sgfm.elcorteingles.es/SGFM/dctm/MEDIA03/201709/25/00118633604550____1__600x600.jpg","price":"0,65 €","price_unit":"(0,65 € / Litro)","categories":["Supermercado","Bebidas","Agua, Refrescos y Zumos","Zumos y néctares","Zumos y néctares piña","ALIADA néctar de piña sin azúcar elaborado a base de concentrado con edulcorantes envase 1 l"],"general_information":["Denominación del alimento: Néctar de piña a partir de concentrado. Contenido de fruta: mínimo 50%. Con edulcorantes.","Nombre del operador: Elaborado para el Grupo El Corte Inglés \nHermosilla, 112. 28009 -Madrid- España \npor CIF: A30114490","Número de raciones por envase: Contiene 5 por"],"ingredients":[" Ingredientes: \nzumo de piña (50%) a partir de concentrado, agua, acidulante: ácido cítrico, antioxidante: ácido ascórbico, edulcorantes: sucralosa y acesulfamo K."],"conservation":" Una vez abierto, conservar refrigerado y consumir en los próximos 4 días.\nConservar en lugar fresco y seco","ean":"8433329080514"},{"full_name":"ALIADA néctar de piña sin azúcar elaborado a base de concentrado con edulcorantes pack 6 envases 200 ml","name":"néctar de piña sin azúcar elaborado a base de concentrado con edulcorantes pack 6 envases 200 ml","brand":"ALIADA ","img":"https://sgfm.elcorteingles.es/SGFM/dctm/MEDIA03/201710/20/00118633604543____6__600x600.jpg","price":"1,18 €","price_unit":"(0,98 € / Litro)","categories":["Supermercado","Bebidas","Agua, Refrescos y Zumos","Zumos y néctares","Zumos y néctares piña","ALIADA néctar de piña sin azúcar elaborado a base de concentrado con edulcorantes pack 6 envases 200 ml"],"general_information":["Denominación del alimento: Néctar de piña a partir de concentrado. Contenido de fruta: mínimo 50%. Con edulcorantes.","Nombre del operador: Elaborado para el Grupo El Corte Inglés \nHermosilla, 112. 28009 -Madrid- España \npor CIF: A30114490","Número de raciones por envase: Contiene 5 por"],"ingredients":[" Ingredientes: \nzumo de piña (50%) a partir de concentrado, agua, acidulante: ácido cítrico, antioxidante: ácido ascórbico, edulcorantes: sucralosa y acesulfamo K."],"conservation":" Una vez abierto, conservar refrigerado y consumir en los próximos 4 días.\nConservar en lugar fresco y seco","ean":"8433329080507"},{"full_name":"EL CORTE INGLES zumo de piña exprimido envase 1 l","name":"zumo de piña exprimido envase 1 l","brand":"EL CORTE INGLES ","img":"https://sgfm.elcorteingles.es/SGFM/dctm/MEDIA03/201703/06/00118657200558____1__600x600.jpg","price":"1,72 €","price_unit":"(1,72 € / Litro)","categories":["Supermercado","Bebidas","Agua, Refrescos y Zumos","Zumos y néctares","Zumos y néctares piña","EL CORTE INGLES zumo de piña exprimido envase 1 l"],"general_information":["Denominación del alimento: Zumo de piña exprimido","Nombre del operador: Elaborado para el Corte Inglés por\n AMC JUICES S.L. \nCtra. Madrid-Cartagena km 383 \n30100 Espinardo (Murcia)\nEspaña","Número de raciones por envase: 5.0"],"ingredients":[" Ingredientes: Zumo de Piña.\nNo procedente de concentrado (zumo directo)"],"conservation":" Una vez abierto, conservar refrigerado y consumir en un plazo de 4 días","ean":"8433329017862"},{"full_name":"DON SIMON DISFRUTA zumo de piña sin azúcar pack 6 envases 200 ml","name":"DISFRUTA zumo de piña sin azúcar pack 6 envases 200 ml","brand":"DON SIMON ","img":"https://sgfm.elcorteingles.es/SGFM/dctm/MEDIA02/CONTENIDOS/201510/02/00118633601770____1__600x600.jpg","price":"1,40 €","price_unit":"(1,17 € / Litro)","categories":["Supermercado","Bebidas","Agua, Refrescos y Zumos","Zumos y néctares","Zumos y néctares piña","DON SIMON DISFRUTA zumo de piña sin azúcar pack 6 envases 200 ml"],"general_information":["Denominación del alimento: Bebida de zumo de frutas. Con edulcorante. Contenido de fruta: min 50%.","País de origen: España","Nombre del operador: JGC S.A","Dirección del operador: C/Jorge Juan, 73 28009 Madrid España","Cantidad Neta: 1200 Mililitros"],"ingredients":[],"conservation":" Agitar antes de servir. Una vez abierto, conservar refrigerado y consumir antes de transcurridos 5 días.","ean":"8410261650210"},{"full_name":"DON SIMON DISFRUTA néctar de piña sin azúcar botella 1,5 l","name":"DISFRUTA néctar de piña sin azúcar botella 1,5 l","brand":"DON SIMON ","img":"https://sgfm.elcorteingles.es/SGFM/dctm/MEDIA03/201702/03/00118633602240____1__600x600.jpg","price":"1,22 €","price_unit":"(0,81 € / Litro)","categories":["Supermercado","Bebidas","Agua, Refrescos y Zumos","Zumos y néctares","Zumos y néctares piña","DON SIMON DISFRUTA néctar de piña sin azúcar botella 1,5 l"],"general_information":["Denominación del alimento: Bebida de zumo de frutas. Con edulcorante. Contenido en zumo: mín 50%.","Nombre del operador: J.G.C.,S.A.","Dirección del operador: C/Jorge Juan 73 28009 Madrid (España)","Cantidad Neta: 1.5 Litros"],"ingredients":[" Zumo de piña a partir de concentrado (50%), ,agua, acidulante: ácido cítrico, estabilizante: pectina, edulcorante (E-955), antioxidante: ácido ascórbico, aromas y colorante: beta caroteno"],"conservation":" Una vez abierto conservar refrigerado y consumir antes de transcurridos 5 días","ean":"8410261650043"},{"full_name":"DON SIMON néctar de piña pack 4 envase 200 ml","name":"néctar de piña pack 4 envase 200 ml","brand":"DON SIMON ","img":"https://sgfm.elcorteingles.es/SGFM/02/79/4/0118633602794/0118633602794000g01011.jpg","price":"1,25 €","price_unit":"(1,56 € / Litro)","categories":["Supermercado","Bebidas","Agua, Refrescos y Zumos","Zumos y néctares","Zumos y néctares piña","DON SIMON néctar de piña pack 4 envase 200 ml"],"general_information":["Denominación del alimento: Néctar de piña. A partir de concentrado. Contenido de frutas: 50% mínimo.","País de origen: España","Nombre del operador: JGC S.A","Dirección del operador: C/Jorge Juan, 73 28009 Madrid España","Cantidad Neta: 0.8 Litros"],"ingredients":[" Zumo de piña a partir de concentrado, agua, azúcar, estabilizante: pectina, acidulante: ácido cítrico, antioxidante: ácido L-ascórbico."],"conservation":" Tras su apertura, conservar refrigerado. Agitar antes de usar","ean":"8410261652450"},{"full_name":"DON SIMON zumo concentrado de piña y uva envase 1 l","name":"zumo concentrado de piña y uva envase 1 l","brand":"DON SIMON ","img":"https://sgfm.elcorteingles.es/SGFM/01/21/8/0118656701218/0118656701218000g01011.jpg","price":"1,05 €            ","price_unit":"(0,95 € / Litro)","categories":["Supermercado","Bebidas","Agua, Refrescos y Zumos","Zumos y néctares","Zumos y néctares piña","DON SIMON zumo concentrado de piña y uva envase 1 l"],"general_information":["Denominación del alimento: Zumo de piña, manzana y uva a partir de concentrado.","País de origen: España","Nombre del operador: JGC S.A","Dirección del operador: C/Jorge Juan, 73 28009 Madrid España","Cantidad Neta: 1 Litros"],"ingredients":[" Zumo de piña a partir de concentrado (55%), zumo de manzana a partir de concentrado, zumo de uva a partir de concentrado"],"conservation":" Tras su apertura, conservar refrigerado. Agitar antes de servir","ean":"8410261210100"},{"full_name":"DON SIMON zumo de piña manzana y uva pack 6 envase 200 ml","name":"zumo de piña manzana y uva pack 6 envase 200 ml","brand":"DON SIMON ","img":"https://sgfm.elcorteingles.es/SGFM/01/40/8/0118656701408/0118656701408000g01011.jpg","price":"1,50 €","price_unit":"(1,25 € / Litro)","categories":["Supermercado","Bebidas","Agua, Refrescos y Zumos","Zumos y néctares","Zumos y néctares piña","DON SIMON zumo de piña manzana y uva pack 6 envase 200 ml"],"general_information":["Denominación del alimento: Zumo de piña, manzana y uva a partir de concentrado.","País de origen: España","Nombre del operador: JGC S.A","Dirección del operador: C/Jorge Juan, 73 28009 Madrid España","Cantidad Neta: 1200 Mililitros"],"ingredients":[" Zumo de piña a partir de concentrado (55%), zumo de manzana a partir de concentrado, zumo de uva a partir de concentrado"],"conservation":" Tras su apertura, conservar refrigerado. Agitar antes de servir","ean":"8410261602615"},{"full_name":"DON SIMON zumo de piña y uva pack 3 envase 200 ml","name":"zumo de piña y uva pack 3 envase 200 ml","brand":"DON SIMON ","img":"https://sgfm.elcorteingles.es/SGFM/00/68/1/0118657200681/0118657200681000g01011.jpg","price":"1,02 €","price_unit":"(1,70 € / Litro)","categories":["Supermercado","Bebidas","Agua, Refrescos y Zumos","Zumos y néctares","Zumos y néctares piña","DON SIMON zumo de piña y uva pack 3 envase 200 ml"],"general_information":["Denominación del alimento: Zumo de piña y uva","País de origen: España","Nombre del operador: JGC S.A","Dirección del operador: C/Jorge Juan, 73 28009 Madrid España","Cantidad Neta: 600 Mililitros"],"ingredients":[" Zumo de piña (50%), zumo de uva(50%)"],"conservation":" Tras su apertura, conservar refrigerado. Agitar antes de servir","ean":"8410261611167"},{"full_name":"GRANINI néctar de piña botella 1,5 l","name":"néctar de piña botella 1,5 l","brand":"GRANINI ","img":"https://sgfm.elcorteingles.es/SGFM/00/75/6/0118633600756/0118633600756000g01011.jpg","price":"2,89 €            ","price_unit":"(0 € / Litro)","categories":["Supermercado","Bebidas","Agua, Refrescos y Zumos","Zumos y néctares","Zumos y néctares piña","GRANINI néctar de piña botella 1,5 l"],"general_information":["Denominación del alimento: Néctar de piña hecho a partir de concentrado.","Nombre del operador: Eckes-Granini Ibérica, S.A.U.","Dirección del operador: Avda Diagonal, nº 514, 1er piso, puerta 1,2. 08006, Barcelona, Spain","Cantidad Neta: 1.5 Litros"],"ingredients":[" Zumo de piña a partir de concentrado (59%), agua, azúcar, acidulante: ácido cítrico, estabilizante: pectina, vitamina C."],"conservation":" Una vez abierto conservar en el frigorífico y consumir en 3-4 días.","ean":"8431707000697"},{"full_name":"GRANINI néctar de piña botella 1 l","name":"néctar de piña botella 1 l","brand":"GRANINI ","img":"https://sgfm.elcorteingles.es/SGFM/00/39/2/0118633600392/0118633600392000g01011.jpg","price":"1,99 €","price_unit":"(1,99 € / Litro)","categories":["Supermercado","Bebidas","Agua, Refrescos y Zumos","Zumos y néctares","Zumos y néctares piña","GRANINI néctar de piña botella 1 l"],"general_information":["Denominación del alimento: Néctar de piña hecho a partir de concentrado.","Nombre del operador: Eckes-Granini Ibérica, S.A.U.","Dirección del operador: Avda Diagonal, nº 514, 1er piso, puerta 1,2. 08006, Barcelona, Spain","Cantidad Neta: 1 Litros"],"ingredients":[" Zumo de piña a partir de concentrado (59%), agua, azúcar, acidulante: ácido cítrico, estabilizante: pectina, vitamina C."],"conservation":" Una vez abierto conservar en el frigorífico y consumir en 3-4 días.","ean":"4002160092891"},{"full_name":"GRANINI néctar de piña light con stevia sin azucares añadidos botella 1 l","name":"néctar de piña light con stevia sin azucares añadidos botella 1 l","brand":"GRANINI ","img":"https://sgfm.elcorteingles.es/SGFM/03/57/8/0118633603578/0118633603578000g01011.jpg","price":"1,99 €","price_unit":"(1,99 € / Litro)","categories":["Supermercado","Bebidas","Agua, Refrescos y Zumos","Zumos y néctares","Zumos y néctares piña","GRANINI néctar de piña light con stevia sin azucares añadidos botella 1 l"],"general_information":["Denominación del alimento: Bebida de piña parcialmente hecha a partir de concentrado con edulcorante: con extracto de la hoja de Stevia., magnesio y vitamina B6 y B12.","Nombre del operador: Eckes-Granini Ibérica, S.A.U.","Dirección del operador: Avda Diagonal, nº 514, 1er piso, puerta 1,2. 08006, Barcelona, Spain","Cantidad Neta: 1 Litros"],"ingredients":[" Zumo de piña a partir concentrado, agua, zumo de piña, acidulante: ácido cítrico, estabilizante: pectina, carbonato de magnesio, antioxidante: ácido ascórbico, aroma natural, edulcorante: glucósidos de esteviol, vitamina B6 y B12."],"conservation":" Una vez abierto conservar en el frigorífico y consumir en 3-4 días.","ean":"8431707113786"},{"full_name":"GRANINI nectar de piña envase 33 cl","name":"nectar de piña envase 33 cl","brand":"GRANINI ","img":"https://sgfm.elcorteingles.es/SGFM/dctm/MEDIA03/201705/09/00118633604253____1__600x600.jpg","price":"1,00 €","price_unit":"(303,03 € / Litro)","categories":["Supermercado","Bebidas","Agua, Refrescos y Zumos","Zumos y néctares","Zumos y néctares piña","GRANINI nectar de piña envase 33 cl"],"general_information":["Denominación del alimento: Néctar de piña hecho a partir de concentrado.","Nombre del operador: Eckes-Granini Ibérica, S.A.U.","Dirección del operador: Avda Diagonal, nº 514, 1er piso, puerta 1,2. 08006, Barcelona, Spain","Cantidad Neta: 0.33 Litros"],"ingredients":[" Zumo de piña a partir de concentrado (59%), agua, azúcar, acidulante: ácido cítrico, estabilizante: pectina, vitamina C."],"conservation":" Una vez abierto conservar en el frigorífico y consumir en 3-4 días.","ean":"8431707000123"},{"full_name":"GRANINI zumo de piña pack 3 envase 200 ml","name":"zumo de piña pack 3 envase 200 ml","brand":"GRANINI ","img":"https://sgfm.elcorteingles.es/SGFM/01/87/9/0118633601879/0118633601879000g01011.jpg","price":"1,33 €","price_unit":"(2,22 € / Litro)","categories":["Supermercado","Bebidas","Agua, Refrescos y Zumos","Zumos y néctares","Zumos y néctares piña","GRANINI zumo de piña pack 3 envase 200 ml"],"general_information":["Denominación del alimento: Néctar de piña hecho a partir de concentrado.","Nombre del operador: Eckes-Granini Ibérica, S.A.U.","Dirección del operador: Avda Diagonal, nº 514, 1er piso, puerta 1,2. 08006, Barcelona, Spain","Cantidad Neta: 0.6 Litros"],"ingredients":[" zumo de piña a partir de concentrado (59%), agua, azúcar, acidulante: ácido cítrico, estabilizante: pectina, vitamina C"],"conservation":" Una vez abierto conservar en el frigorífico y consumir en 3-4 días.","ean":"4002160092563"},{"full_name":"GRANINI nectar de piña pack 3 botellas 20 cl","name":"nectar de piña pack 3 botellas 20 cl","brand":"GRANINI ","img":"https://sgfm.elcorteingles.es/SGFM/03/73/5/0118633603735/0118633603735000g01011.jpg","price":"2,54 €","price_unit":"(4,23 € / Litro)","categories":["Supermercado","Bebidas","Agua, Refrescos y Zumos","Zumos y néctares","Zumos y néctares piña","GRANINI nectar de piña pack 3 botellas 20 cl"],"general_information":["Denominación del alimento: Néctar de piña hecho a partir de concentrado.","Nombre del operador: Eckes-Granini Ibérica, S.A.U.","Dirección del operador: Avda Diagonal, nº 514, 1er piso, puerta 1,2. 08006, Barcelona, Spain","Cantidad Neta: 0.6 Litros"],"ingredients":[" Zumo de piña a partir de concentrado (59%), agua, azúcar, acidulante: ácido cítrico, estabilizante: pectina, vitamina C."],"conservation":" Una vez abierto conservar en el frigorífico y consumir en 3-4 días.","ean":"8431707000475"},{"full_name":"JUVER DISFRUTA néctar piña sin azúcar envase 2 l","name":"néctar piña sin azúcar envase 2 l","brand":"JUVER DISFRUTA ","img":"https://sgfm.elcorteingles.es/SGFM/dctm/MEDIA02/CONTENIDOS/201409/01/00200533600375____1__600x600.jpg","price":"2,29 €","price_unit":"(1,14 € / Litro)","categories":["Supermercado","Bebidas","Agua, Refrescos y Zumos","Zumos y néctares","Zumos y néctares piña","JUVER DISFRUTA néctar piña sin azúcar envase 2 l"],"general_information":["Denominación del alimento: Bebida Refrescante de zumo de piña a partir de concentrado con edulcorantes. Alegaciones: Sin azúcares añadidos. Contiene los azúcares naturalmente presentes en la fruta. Contenido en zumo: 50% mínimo.","País de origen: España","Nombre del operador: Juver Alimentacion S.L.U.","Dirección del operador: C/Julio Cortazar, 46 - 30110 Murcia","Cantidad Neta: 2000 Mililitros"],"ingredients":[" Zumo de piña a partir de concentrado (50%), agua, acidulante (ácido cítrico), antioxidante (ácido L-ascórbico) y edulcorantes (Sucralosa y acesulfame-K)."],"conservation":" Mantener en lugar fresco y seco. Una vez abierto se debe conservar en el frigorífico y consumir antes de 3 días.","ean":"8410707124459"},{"full_name":"JUVER DISFRUTA néctar de piña sin azúcar pack 6 envase 200 ml","name":"néctar de piña sin azúcar pack 6 envase 200 ml","brand":"JUVER DISFRUTA ","img":"https://sgfm.elcorteingles.es/SGFM/00/55/8/0118633600558/0118633600558000g01011.jpg","price":"2,21 €","price_unit":"(1,84 € / Litro)","categories":["Supermercado","Bebidas","Agua, Refrescos y Zumos","Zumos y néctares","Zumos y néctares piña","JUVER DISFRUTA néctar de piña sin azúcar pack 6 envase 200 ml"],"general_information":["Denominación del alimento: Bebida Refrescante de zumo de piña a partir de concentrado con edulcorantes. Alegaciones: Sin azúcares añadidos. Contiene los azúcares naturalmente presentes en la fruta. Contenido en zumo: 50% mínimo.","País de origen: España","Nombre del operador: Juver Alimentacion S.L.U.","Dirección del operador: C/Julio Cortazar, 46 - 30110 Murcia","Cantidad Neta: 1200 Mililitros"],"ingredients":[" Zumo de piña a partir de concentrado (50%), agua, acidulante (ácido cítrico), antioxidante (ácido L-ascórbico) y edulcorantes (Sucralosa y acesulfame-K)."],"conservation":" Mantener en lugar fresco y seco. Una vez abierto se debe conservar en el frigorífico y consumir antes de 3 días.","ean":"8410707124374"},{"full_name":"JUVER 100% zumo de piña, manzana y uva pack 3 envases 200 ml","name":"100% zumo de piña, manzana y uva pack 3 envases 200 ml","brand":"JUVER ","img":"https://sgfm.elcorteingles.es/SGFM/dctm/MEDIA03/201612/27/00200556702058____1__600x600.jpg","price":"1,31 €","price_unit":"(2,18 € / Litro)","categories":["Supermercado","Bebidas","Agua, Refrescos y Zumos","Zumos y néctares","Zumos y néctares piña","JUVER 100% zumo de piña, manzana y uva pack 3 envases 200 ml"],"general_information":["Denominación del alimento: Zumo de piña, manzana uva a partir de concentrado","País de origen: España","Nombre del operador: Juver Alimentacion S.L.U.","Dirección del operador: C/Julio Cortazar, 46 - 30110 Murcia","Cantidad Neta: 600 Mililitros"],"ingredients":[" Zumo de piña a partir de concentrado (34%), zumo de manzana a partir de concentrado (33%), zumo de uva a partir de concentrado (33%) y vitamina C."],"conservation":" Mantener en lugar fresco y seco. Una vez abierto se debe conservar en el frigorífico y consumir antes de 3 días.","ean":"8410707112173"},{"full_name":"ZUMOSOL néctar de piña y uva con alto contenido de Vitamina C envase 1 l","name":"néctar de piña y uva con alto contenido de Vitamina C envase 1 l","brand":"ZUMOSOL ","img":"https://sgfm.elcorteingles.es/SGFM/dctm/MEDIA03/201603/02/00118656701267____2__600x600.jpg","price":"0,99 €","categories":["Supermercado","Bebidas","Agua, Refrescos y Zumos","Zumos y néctares","Zumos y néctares piña","ZUMOSOL néctar de piña y uva con alto contenido de Vitamina C envase 1 l"],"general_information":[],"ingredients":[],"ean":"8435425107454"},{"full_name":"ZUMOSOL zumo de piña botella 850 ml","name":"zumo de piña botella 850 ml","brand":"ZUMOSOL ","img":"https://sgfm.elcorteingles.es/SGFM/dctm/MEDIA02/CONTENIDOS/201504/15/00118657200913____1__600x600.jpg","price":"2,38 €","price_unit":"(2,80 € / Litro)","categories":["Supermercado","Bebidas","Agua, Refrescos y Zumos","Zumos y néctares","Zumos y néctares piña","ZUMOSOL zumo de piña botella 850 ml"],"general_information":["Denominación del alimento: Zumo de Piña Exprimida","Nombre del operador: Zumos Palma S.L.U","Dirección del operador: Pol. Industrial Mataché, Parc 18-53, 14700 Palma del Río, Córdoba.","Cantidad Neta: 850 Mililitros"],"ingredients":[" 100% Zumo de piña exprimida"],"conservation":" Una vez abierto el envase conservese en el frigorifico y consumir en un maximo de 4 dias","ean":"8435425100271"},{"full_name":"ZUMOSOL 100% zumo de piñas exprimidas botella 200 ml","name":"100% zumo de piñas exprimidas botella 200 ml","brand":"ZUMOSOL ","img":"https://sgfm.elcorteingles.es/SGFM/dctm/MEDIA02/CONTENIDOS/201505/05/00118657200897____1__600x600.jpg","price":"0,71 €","price_unit":"(3,55 € / Litro)","categories":["Supermercado","Bebidas","Agua, Refrescos y Zumos","Zumos y néctares","Zumos y néctares piña","ZUMOSOL 100% zumo de piñas exprimidas botella 200 ml"],"general_information":["Denominación del alimento: Zumo de Piña Exprimida","Nombre del operador: Zumos Palma S.L.U","Dirección del operador: Pol. Industrial Mataché, Parc 18-53, 14700 Palma del Río, Córdoba.","Cantidad Neta: 200 Mililitros"],"ingredients":[" 100% Zumo de piña exprimida"],"conservation":" Una vez abierto el envase conservese en el frigorifico y consumir en un maximo de 4 dias","ean":"8435425100363"},{"full_name":"ZUMOSOL zumo de piña y uva exprimida pack 3 envases 200 ml","name":"zumo de piña y uva exprimida pack 3 envases 200 ml","brand":"ZUMOSOL ","img":"https://sgfm.elcorteingles.es/SGFM/dctm/MEDIA03/201707/05/00118657201150____1__600x600.jpg","price":"1,90 €            ","price_unit":"(3,10 € / Litro)","categories":["Supermercado","Bebidas","Agua, Refrescos y Zumos","Zumos y néctares","Zumos y néctares piña","ZUMOSOL zumo de piña y uva exprimida pack 3 envases 200 ml"],"general_information":[],"ingredients":[],"ean":"8435425107980"},{"full_name":"MINUTE MAID néctar de piña botella 1 l","name":"néctar de piña botella 1 l","brand":"MINUTE MAID ","img":"https://sgfm.elcorteingles.es/SGFM/00/80/6/0118633600806/0118633600806000g01011.jpg","price":"1,39 €","price_unit":"(1,39 € / Litro)","categories":["Supermercado","Bebidas","Agua, Refrescos y Zumos","Zumos y néctares","Zumos y néctares piña","MINUTE MAID néctar de piña botella 1 l"],"general_information":["Denominación del alimento: Néctar de piña a partir de concentrado","Nombre del operador: Coca-Cola European Partners Iberia, S.L.U.","Dirección del operador: C/Ribera del Loira 20-22, 28042 - Madrid (España).","Cantidad Neta: 1 Litros"],"ingredients":[" Zumo de piña a partir de concentrado, agua, azúcar, acidulante ácido cítrico, estabilizante pectina y antioxidante ácido ascórbico."],"ean":"5449000136084"},{"full_name":"MINUTE MAID néctar de piña con extracto de stevia sin azucares añadidos botella 1 l","name":"néctar de piña con extracto de stevia sin azucares añadidos botella 1 l","brand":"MINUTE MAID ","img":"https://sgfm.elcorteingles.es/SGFM/03/76/8/0118633603768/0118633603768000g01011.jpg","price":"1,39 €","price_unit":"(1,39 € / Litro)","categories":["Supermercado","Bebidas","Agua, Refrescos y Zumos","Zumos y néctares","Zumos y néctares piña","MINUTE MAID néctar de piña con extracto de stevia sin azucares añadidos botella 1 l"],"general_information":["Denominación del alimento: Bebida refrescante a base de zumo de piña. sin azúcares añadidos. con edulcorantes.","Nombre del operador: Coca-Cola European Partners Iberia, S.L.U.","Dirección del operador: C/Ribera del Loira 20-22, 28042 - Madrid (España).","Cantidad Neta: 1 Litros"],"ingredients":[" 65% zumo de piña a partir de concentrado, agua, acidulante ácido cítrico, estabilizante pectina, antioxidante ácido ascórbico y edulcorante glucósidos de esteviol."],"ean":"5449000193490"},{"full_name":"PASCUAL VIVESOY zumo de piña y soja pack 3 envase 250 ml","name":"zumo de piña y soja pack 3 envase 250 ml","brand":"PASCUAL VIVESOY ","img":"https://sgfm.elcorteingles.es/SGFM/dctm/MEDIA03/201609/07/00118663300095____1__600x600.jpg","price":"1,75 €","price_unit":"(2,33 € / Litro)","categories":["Supermercado","Bebidas","Agua, Refrescos y Zumos","Zumos y néctares","Zumos y néctares piña","PASCUAL VIVESOY zumo de piña y soja pack 3 envase 250 ml"],"general_information":["Denominación del alimento: Bebida de zumo de piña y soja","Nombre del operador: Calidad Pascual, SAU.","Dirección del operador: Ctra. De Palencia, s/n - 09400 Aranda de Duero (Burgos)","Cantidad Neta: 750 Mililitros","Número de raciones por envase: 3","Otras menciones obligatorias en la etiqueta: Bebida 100% vegetal con soja seleccionada. Elaborada con soja certificada como no transgénica. Sólo semillas de máxima calidad y con la mejor selección de zumos de frutas."],"ingredients":[" Agua, zumo de piña (11%) a partir de concentrado, azúcar, semillas de soja (2.7%), estabilizante: E-440, acidulante: E-330, aroma, antioxidante: E-300."],"conservation":" Una vez abierto, conservar el envase en nevera y consumir en el mismo día de apertura.","ean":"8410128651145"},{"full_name":"ALIADA néctar de melocotón sin azúcar elaborado a base de concentrado con edulcorantes envase 1 l","name":"néctar de melocotón sin azúcar elaborado a base de concentrado con edulcorantes envase 1 l","brand":"ALIADA ","img":"https://sgfm.elcorteingles.es/SGFM/dctm/MEDIA03/201709/25/00118633604576____1__600x600.jpg","price":"0,62 €","categories":["Supermercado","Bebidas","Agua, Refrescos y Zumos","Zumos y néctares","Zumos y néctares melocotón","ALIADA néctar de melocotón sin azúcar elaborado a base de concentrado con edulcorantes envase 1 l"],"general_information":["Denominación del alimento: Néctar de melocotón. Contenido de fruta: mínimo 50%. Con edulcorantes","Nombre del operador: Elaborado para el Grupo El Corte Inglés \nHermosilla, 112. 28009 -Madrid- España \npor CIF: A30114490","Número de raciones por envase: contiene 5 por"],"ingredients":[" Ingredientes:\npuré de melocotón (50%), agua, acidulante: ácido cítrico, antioxidante: ácido ascórbico, edulcorantes: sucralosa y acesulfamo K."],"conservation":" Una vez abierto, conservar refrigerado y consumir en los próximos 4 días.\nConservar en lugar fresco y seco","ean":"8433329080538"},{"full_name":"ALIADA néctar de melocotón sin azúcar elaborado a base de concentrado con edulcorantes pack 6 envases 200 ml","name":"néctar de melocotón sin azúcar elaborado a base de concentrado con edulcorantes pack 6 envases 200 ml","brand":"ALIADA ","img":"https://sgfm.elcorteingles.es/SGFM/dctm/MEDIA03/201710/20/00118633604584____6__600x600.jpg","price":"1,18 €","price_unit":"(0,98 € / Litro)","categories":["Supermercado","Bebidas","Agua, Refrescos y Zumos","Zumos y néctares","Zumos y néctares melocotón","ALIADA néctar de melocotón sin azúcar elaborado a base de concentrado con edulcorantes pack 6 envases 200 ml"],"general_information":["Denominación del alimento: Néctar de melocotón. Contenido de fruta: mínimo 50%. Con edulcorantes","Nombre del operador: Elaborado para el Grupo El Corte Inglés \nHermosilla, 112. 28009 -Madrid- España \npor CIF: A30114490"],"ingredients":[" Ingredientes:\npuré de melocotón (50%), agua, acidulante: ácido cítrico, antioxidante: ácido ascórbico, edulcorantes: sucralosa y acesulfamo K."],"conservation":" Una vez abierto, conservar refrigerado y consumir en los próximos 4 días.\nConservar en lugar fresco y seco","ean":"8433329080484"},{"full_name":"ALIADA 100% de zumo de melocotón, uva y manzana envase 1 l","name":"100% de zumo de melocotón, uva y manzana envase 1 l","brand":"ALIADA ","img":"https://sgfm.elcorteingles.es/SGFM/dctm/MEDIA03/201709/25/00118656702075____1__600x600.jpg","price":"0,64 €","price_unit":"(0,64 € / Litro)","categories":["Supermercado","Bebidas","Agua, Refrescos y Zumos","Zumos y néctares","Zumos y néctares melocotón","ALIADA 100% de zumo de melocotón, uva y manzana envase 1 l"],"general_information":["Denominación del alimento: ZUMO MELOCOTON,UVA Y MANZANA \nPARCIALMENTE A PARTIR DE CONCENTRADOS","Nombre del operador: Elaborado para el Grupo El Corte Inglés \nHermosilla, 112. 28009 -Madrid- España \npor CIF: A30114490","Número de raciones por envase: Contiene 5 por"],"ingredients":[" Ingredientes:\npuré de melocotón (55%), zumo de uva (25%) a partir de concentrado y zumo de manzana (20%) a partir de concentrado."],"conservation":" Una vez abierto, conservar refrigerado y consumir en los próximos 4 días.\nConservar en lugar fresco y seco","ean":"8433329080477"},{"full_name":"ALIADA 100% zumo de melocotón, uva y manzana a base de concentrado con edulcorante pack 6 envases 200 ml","name":"100% zumo de melocotón, uva y manzana a base de concentrado con edulcorante pack 6 envases 200 ml","brand":"ALIADA ","img":"https://sgfm.elcorteingles.es/SGFM/dctm/MEDIA03/201710/20/00118656702034____6__600x600.jpg","price":"0,96 €","price_unit":"(0,80 € / Litro)","categories":["Supermercado","Bebidas","Agua, Refrescos y Zumos","Zumos y néctares","Zumos y néctares melocotón","ALIADA 100% zumo de melocotón, uva y manzana a base de concentrado con edulcorante pack 6 envases 200 ml"],"general_information":["Denominación del alimento: ZUMO DE MELOCOTON,UVA Y MANZANA PARCIALMENTE\nA PARTIR DE CONCENTRADOS","Nombre del operador: Elaborado para el Grupo El Corte Inglés \nHermosilla, 112. 28009 -Madrid- España \npor CIF: A30114490"],"ingredients":[" Ingredientes:\nPuré de melocotón (55%), zumo de uva (25%) a partir de concentrado y zumo de manzana (20%) a partir de concentrado."],"conservation":" Una vez abierto, conservar refrigerado y consumir en los próximos 4 días.\nConservar en lugar fresco y seco","ean":"8433329080415"},{"full_name":"GRANINI néctar melocotón botella 1 l","name":"néctar melocotón botella 1 l","brand":"GRANINI ","img":"https://sgfm.elcorteingles.es/SGFM/00/38/4/0118633600384/0118633600384000g01011.jpg","price":"1,99 €","price_unit":"(1,99 € / Litro)","categories":["Supermercado","Bebidas","Agua, Refrescos y Zumos","Zumos y néctares","Zumos y néctares melocotón","GRANINI néctar melocotón botella 1 l"],"general_information":["Denominación del alimento: Bebida de melocotón","Nombre del operador: Eckes-Granini Ibérica, S.A.U.","Dirección del operador: Avda Diagonal, nº 514, 1er piso, puerta 1,2. 08006, Barcelona, Spain","Cantidad Neta: 1 Litros"],"ingredients":[" Agua, puré de melocotón (45%), azúcar, acidulante: ácido cítrico, antioxidante: ácido ascórbico."],"conservation":" Una vez abierto conservar en el frigorífico y consumir en 3-4 días.","ean":"4002160092884"},{"full_name":"GRANINI Light melocotón y uva con Stevia sin azúcares añadidos botella 1 l","name":"Light melocotón y uva con Stevia sin azúcares añadidos botella 1 l","brand":"GRANINI ","img":"https://sgfm.elcorteingles.es/SGFM/03/85/9/0118633603859/0118633603859000g01011.jpg","price":"1,99 €","price_unit":"(1,99 € / Litro)","categories":["Supermercado","Bebidas","Agua, Refrescos y Zumos","Zumos y néctares","Zumos y néctares melocotón","GRANINI Light melocotón y uva con Stevia sin azúcares añadidos botella 1 l"],"general_information":["Denominación del alimento: Bebida de melocotón y uva hecha parcialmente a partir de concentrado con edulcorante: con extracto de la hoja de Stevia, magnesio y vitaminas B6 y B12.","Nombre del operador: Eckes-Granini Ibérica, S.A.U.","Dirección del operador: Avda Diagonal, nº 514, 1er piso, puerta 1,2. 08006, Barcelona, Spain","Cantidad Neta: 1 Litros"],"ingredients":[" puré de melocotón (40%), agua, zumo de uva a partir de concentrado (28%), estabilizante: pectina, acidulante: ácido cítrico, carbonato de magnesio,  antioxidante: ácido ascórbico, aroma natural, edulcorante: glucósidos de esteviol, vitamina B6 y B12."],"conservation":" Una vez abierto conservar en el frigorífico y consumir en 3-4 días.","ean":"8431707113991"},{"full_name":"GRANINI néctar de melocotón envase 33 cl","name":"néctar de melocotón envase 33 cl","brand":"GRANINI ","img":"https://sgfm.elcorteingles.es/SGFM/dctm/MEDIA03/201705/09/00118633604246____1__600x600.jpg","price":"1,00 €","price_unit":"(303,03 € / Litro)","categories":["Supermercado","Bebidas","Agua, Refrescos y Zumos","Zumos y néctares","Zumos y néctares melocotón","GRANINI néctar de melocotón envase 33 cl"],"general_information":["Denominación del alimento: Bebida de melocotón","Nombre del operador: Eckes-Granini Ibérica, S.A.U.","Dirección del operador: Avda Diagonal, nº 514, 1er piso, puerta 1,2. 08006, Barcelona, Spain","Cantidad Neta: 0.33 Litros"],"ingredients":[" Agua, puré de melocotón (45%), azúcar, acidulante: ácido cítrico, antioxidante: ácido ascórbico."],"conservation":" Una vez abierto conservar en el frigorífico y consumir en 3-4 días.","ean":"8431707000116"},{"full_name":"GRANINI néctar de melocotón pack 3 botellas 20 cl","name":"néctar de melocotón pack 3 botellas 20 cl","brand":"GRANINI ","img":"https://sgfm.elcorteingles.es/SGFM/03/72/7/0118633603727/0118633603727000g01011.jpg","price":"2,54 €","price_unit":"(4,23 € / Litro)","categories":["Supermercado","Bebidas","Agua, Refrescos y Zumos","Zumos y néctares","Zumos y néctares melocotón","GRANINI néctar de melocotón pack 3 botellas 20 cl"],"general_information":["Denominación del alimento: Bebida de melocotón","Nombre del operador: Eckes-Granini Ibérica, S.A.U.","Dirección del operador: Avda Diagonal, nº 514, 1er piso, puerta 1,2. 08006, Barcelona, Spain","Cantidad Neta: 0.6 Litros"],"ingredients":[" Agua, puré de melocotón (45%), azúcar, acidulante: ácido cítrico, antioxidante: ácido ascórbico."],"conservation":" Una vez abierto conservar en el frigorífico y consumir en 3-4 días.","ean":"8431707000468"},{"full_name":"GRANINI néctar de melocotón botella 1,5 l","name":"néctar de melocotón botella 1,5 l","brand":"GRANINI ","img":"https://sgfm.elcorteingles.es/SGFM/00/74/9/0118633600749/0118633600749000g01011.jpg","price":"2,95 €            ","price_unit":"(0 € / Litro)","categories":["Supermercado","Bebidas","Agua, Refrescos y Zumos","Zumos y néctares","Zumos y néctares melocotón","GRANINI néctar de melocotón botella 1,5 l"],"general_information":["Denominación del alimento: Bebida de melocotón","Nombre del operador: Eckes-Granini Ibérica, S.A.U.","Dirección del operador: Avda Diagonal, nº 514, 1er piso, puerta 1,2. 08006, Barcelona, Spain","Cantidad Neta: 1.5 Litros"],"ingredients":[" Agua, puré de melocotón (45%), azúcar, acidulante: ácido cítrico, antioxidante: ácido ascórbico."],"conservation":" Una vez abierto conservar en el frigorífico y consumir en 3-4 días.","ean":"8431707000680"},{"full_name":"GRANINI zumo de melocotón pack 3 envase 200 ml","name":"zumo de melocotón pack 3 envase 200 ml","brand":"GRANINI ","img":"https://sgfm.elcorteingles.es/SGFM/01/86/1/0118633601861/0118633601861000g01011.jpg","price":"1,33 €","price_unit":"(2,22 € / Litro)","categories":["Supermercado","Bebidas","Agua, Refrescos y Zumos","Zumos y néctares","Zumos y néctares melocotón","GRANINI zumo de melocotón pack 3 envase 200 ml"],"general_information":["Denominación del alimento: Bebida de melocotón","Nombre del operador: Eckes-Granini Ibérica, S.A.U.","Dirección del operador: Avda Diagonal, nº 514, 1er piso, puerta 1,2. 08006, Barcelona, Spain","Cantidad Neta: 0.6 Litros"],"ingredients":[" Agua, puré de melocotón (45%), azúcar, acidulante: ácido cítrico, antioxidante: ácido ascórbico"],"conservation":" Una vez abierto conservar en el frigorífico y consumir en 3-4 días.","ean":"4002160092556"},{"full_name":"DON SIMON DISFRUTA zumo de melocotón sin azúcar botella 1,5 l","name":"DISFRUTA zumo de melocotón sin azúcar botella 1,5 l","brand":"DON SIMON ","img":"https://sgfm.elcorteingles.es/SGFM/dctm/MEDIA03/201702/03/00118633602257____1__600x600.jpg","price":"1,29 €            ","price_unit":"(0,80 € / Litro)","categories":["Supermercado","Bebidas","Agua, Refrescos y Zumos","Zumos y néctares","Zumos y néctares melocotón","DON SIMON DISFRUTA zumo de melocotón sin azúcar botella 1,5 l"],"general_information":["Denominación del alimento: Bebida de zumo de frutas. Con edulcorantes. Contenido de fruta: min 50%.","País de origen: España","Nombre del operador: JGC S.A","Dirección del operador: C/Jorge Juan, 73 28009 Madrid España","Cantidad Neta: 1500 Mililitros"],"ingredients":[" Puré de melocotón, agua, acidulante: ácido cítrico, edulcorante: (E-955), antioxidante: ácido ascórbico, aromas, colorante:betacaroteno"],"conservation":" Agitar antes de servir. Una vez abierto, conservar refrigerado y consumir antes de transcurridos 5 días.","ean":"8410261650050"},{"full_name":"DON SIMON zumo concentrado de melocotón y uva envase 1 l","name":"zumo concentrado de melocotón y uva envase 1 l","brand":"DON SIMON ","img":"https://sgfm.elcorteingles.es/SGFM/01/22/6/0118656701226/0118656701226000g01011.jpg","price":"1,05 €            ","price_unit":"(0,95 € / Litro)","categories":["Supermercado","Bebidas","Agua, Refrescos y Zumos","Zumos y néctares","Zumos y néctares melocotón","DON SIMON zumo concentrado de melocotón y uva envase 1 l"],"general_information":["Denominación del alimento: Zumo de melocotón, manzana y uva parcialmente a partir de concentrado.","País de origen: España","Nombre del operador: JGC S.A","Dirección del operador: C/Jorge Juan, 73 28009 Madrid España","Cantidad Neta: 1 Litros"],"ingredients":[" Puré de melocotón (55%), zumo de manzana a partir de concentrado, zumo de uva a partir de concentrado"],"conservation":" Tras su apertura, conservar refrigerado. Agitar antes de servir","ean":"8410261240107"},{"full_name":"DON SIMON néctar de melocotón pack 4 envase 200 ml","name":"néctar de melocotón pack 4 envase 200 ml","brand":"DON SIMON ","img":"https://sgfm.elcorteingles.es/SGFM/02/80/2/0118633602802/0118633602802000g01011.jpg","price":"1,25 €","price_unit":"(1,56 € / Litro)","categories":["Supermercado","Bebidas","Agua, Refrescos y Zumos","Zumos y néctares","Zumos y néctares melocotón","DON SIMON néctar de melocotón pack 4 envase 200 ml"],"general_information":["Denominación del alimento: Néctar de melocotón. Contenido de fruta: 50% mínimo.","País de origen: España","Nombre del operador: JGC S.A","Dirección del operador: C/Jorge Juan, 73 28009 Madrid España","Cantidad Neta: 0.8 Litros"],"ingredients":[" Puré de melocotón, agua, azúcar, acidulante: ácido cítrico, antioxidante: ácido L-ascórbico."],"conservation":" Tras su apertura, conservar refrigerado. Agitar antes de usar","ean":"8410261653457"},{"full_name":"DON SIMON zumo melocotón y uva pack 6 unidades envase 200 ml","name":"zumo melocotón y uva pack 6 unidades envase 200 ml","brand":"DON SIMON ","img":"https://sgfm.elcorteingles.es/SGFM/01/41/6/0118656701416/0118656701416000g01011.jpg","price":"1,50 €","price_unit":"(1,25 € / Litro)","categories":["Supermercado","Bebidas","Agua, Refrescos y Zumos","Zumos y néctares","Zumos y néctares melocotón","DON SIMON zumo melocotón y uva pack 6 unidades envase 200 ml"],"general_information":["Denominación del alimento: Zumo de melocotón, manzana y uva parcialmente a partir de concentrado.","País de origen: España","Nombre del operador: JGC S.A","Dirección del operador: C/Jorge Juan, 73 28009 Madrid España","Cantidad Neta: 1200 Mililitros"],"ingredients":[" Puré de melocotón (55%), zumo de manzana a partir de concentrado, zumo de uva a partir de concentrado"],"conservation":" Tras su apertura, conservar refrigerado. Agitar antes de servir","ean":"8410261603612"},{"full_name":"JUVER DISFRUTA néctar melocotón sin azúcar envase 2 l","name":"néctar melocotón sin azúcar envase 2 l","brand":"JUVER DISFRUTA ","img":"https://sgfm.elcorteingles.es/SGFM/00/23/6/0118633600236/0118633600236000g01011.jpg","price":"2,29 €","price_unit":"(1,14 € / Litro)","categories":["Supermercado","Bebidas","Agua, Refrescos y Zumos","Zumos y néctares","Zumos y néctares melocotón","JUVER DISFRUTA néctar melocotón sin azúcar envase 2 l"],"general_information":["Denominación del alimento: Bebida Refrescante de zumo de melocoton con edulcorantes","País de origen: España","Nombre del operador: Juver Alimentación S.L.U.","Dirección del operador: C/Julio Cortazar, 46 - 30110 Murcia","Cantidad Neta: 2 Litros"],"ingredients":[" Pure de melocoton (50%), agua, acidulante (acido citrico), antioxidante (acido L-ascorbico), edulcorantes (sucralosa y acesulfame-K) y aroma natural."],"conservation":" Mantener en lugar fresco y seco. Una vez abierto se debe conservar en el frigorífico y consumir antes de 3 días.","ean":"8410707118458"},{"full_name":"JUVER DISFRUTA néctar de melocotón sin azúcar pack 6 envase 200 ml","name":"néctar de melocotón sin azúcar pack 6 envase 200 ml","brand":"JUVER DISFRUTA ","img":"https://sgfm.elcorteingles.es/SGFM/00/54/1/0118633600541/0118633600541000g01011.jpg","price":"2,21 €","price_unit":"(1,84 € / Litro)","categories":["Supermercado","Bebidas","Agua, Refrescos y Zumos","Zumos y néctares","Zumos y néctares melocotón","JUVER DISFRUTA néctar de melocotón sin azúcar pack 6 envase 200 ml"],"general_information":["Denominación del alimento: Bebida Refrescante de zumo de melocoton con edulcorantes","País de origen: España","Nombre del operador: Juver Alimentación S.L.U.","Dirección del operador: C/Julio Cortazar, 46 - 30110 Murcia","Cantidad Neta: 1200 Mililitros"],"ingredients":[" Pure de melocoton (50%), agua, acidulante (acido citrico), antioxidante (acido L-ascorbico), edulcorantes (sucralosa y acesulfame-K) y aroma natural."],"conservation":" Mantener en lugar fresco y seco. Una vez abierto se debe conservar en el frigorífico y consumir antes de 3 días.","ean":"8410707118373"},{"full_name":"JUVER 100% zumo de melocotón, manzana y uva pack 3 envases 200 ml","name":"100% zumo de melocotón, manzana y uva pack 3 envases 200 ml","brand":"JUVER ","img":"https://sgfm.elcorteingles.es/SGFM/dctm/MEDIA03/201612/27/00200556702041____1__600x600.jpg","price":"1,31 €","price_unit":"(2,18 € / Litro)","categories":["Supermercado","Bebidas","Agua, Refrescos y Zumos","Zumos y néctares","Zumos y néctares melocotón","JUVER 100% zumo de melocotón, manzana y uva pack 3 envases 200 ml"],"general_information":["Denominación del alimento: Zumo de melocoton manzana uva parcialmente a partir de concentrado","País de origen: España","Nombre del operador: Juver Alimentacion S.L.U.","Dirección del operador: C/Julio Cortazar, 46 - 30110 Murcia","Cantidad Neta: 600 Mililitros"],"ingredients":[" Puré de melocoton (50%), zumo de manzana a partir de concentrado (45%), zumo de uva a partir de concentrado (5%) y vitamina C"],"conservation":" Mantener en lugar fresco y seco. Una vez abierto se debe conservar en el frigorífico y consumir antes de 3 días.","ean":"8410707121175"},{"full_name":"ZUMOSOL néctar de melocotón con 50% de vitamina C envase 1 l","name":"néctar de melocotón con 50% de vitamina C envase 1 l","brand":"ZUMOSOL ","img":"https://sgfm.elcorteingles.es/SGFM/dctm/MEDIA02/CONTENIDOS/201410/14/00118656701275____1__600x600.jpg","price":"0,99 €","price_unit":"(0,99 € / Litro)","categories":["Supermercado","Bebidas","Agua, Refrescos y Zumos","Zumos y néctares","Zumos y néctares melocotón","ZUMOSOL néctar de melocotón con 50% de vitamina C envase 1 l"],"general_information":[],"ingredients":[],"ean":"8435425107416"},{"full_name":"ZUMOSOL 100% zumos de melocotones y uvas exprimidas botella 200 ml","name":"100% zumos de melocotones y uvas exprimidas botella 200 ml","brand":"ZUMOSOL ","img":"https://sgfm.elcorteingles.es/SGFM/dctm/MEDIA02/CONTENIDOS/201505/05/00118657200905____1__600x600.jpg","price":"0,71 €","price_unit":"(3,55 € / Litro)","categories":["Supermercado","Bebidas","Agua, Refrescos y Zumos","Zumos y néctares","Zumos y néctares melocotón","ZUMOSOL 100% zumos de melocotones y uvas exprimidas botella 200 ml"],"general_information":["Denominación del alimento: Zumo de Melocotón-Uva Exprimidos","Nombre del operador: Zumos Palma S.L.U","Dirección del operador: Pol. Industrial Mataché, Parc 18-53, 14700 Palma del Río, Córdoba.","Cantidad Neta: 200 Mililitros"],"ingredients":[" Puré de melocotón (65%) y zumo exprimido de uva (35%)"],"conservation":" Una vez abierto el envase conservese en el frigorifico y consumir en un maximo de 4 dias","ean":"8435425100394"},{"full_name":"ZUMOSOL zumo de melocotón y uva exprimida pack 3 envases 200 ml","name":"zumo de melocotón y uva exprimida pack 3 envases 200 ml","brand":"ZUMOSOL ","img":"https://sgfm.elcorteingles.es/SGFM/dctm/MEDIA03/201707/05/00118657201143____1__600x600.jpg","price":"1,86 €","price_unit":"(3,10 € / Litro)","categories":["Supermercado","Bebidas","Agua, Refrescos y Zumos","Zumos y néctares","Zumos y néctares melocotón","ZUMOSOL zumo de melocotón y uva exprimida pack 3 envases 200 ml"],"general_information":[],"ingredients":[],"ean":"8435425108017"},{"full_name":"LIBBY'S néctar de melocotón botella 25 cl","name":"néctar de melocotón botella 25 cl","brand":"LIBBY'S ","img":"https://sgfm.elcorteingles.es/SGFM/dctm/MEDIA03/201603/31/00118633601093____2__600x600.jpg","price":"0,59 €","price_unit":"(2,36 € / Litro)","categories":["Supermercado","Bebidas","Agua, Refrescos y Zumos","Zumos y néctares","Zumos y néctares melocotón","LIBBY'S néctar de melocotón botella 25 cl"],"general_information":["Denominación del alimento: Néctar de melocotón","País de origen: España","Nombre del operador: Establecimientos Industriales Archipiélago, S.A.","Dirección del operador: Carretera General del Sur Km 4 nº 57 El Chorrillo - C.P. 38111 (Santa Cruz de Tenerife)","Lugar de procedencia del alimento: Santa Cruz de Tenerife (España).","Cantidad Neta: 0.25 Litros","Otras menciones obligatorias en la etiqueta: Sin gluten. Sin huevo. Sin soja."],"ingredients":[" Pulpa de melocotón (50%), agua, azúcar, acidulante (ácido cítrico) y antioxidante (ac. ascórbico)."],"conservation":" Una vez abierto conservar en frío.","ean":"8412755104049"},{"full_name":"LAMBDA BIO zumo de melocotón y manzana ecológico botella 1 l","name":"zumo de melocotón y manzana ecológico botella 1 l","brand":"LAMBDA BIO ","img":"https://sgfm.elcorteingles.es/SGFM/00/03/8/0118628000038/0118628000038000g01011.jpg","price":"2,76 €","price_unit":"(2,76 € / Litro)","categories":["Supermercado","Bebidas","Agua, Refrescos y Zumos","Zumos y néctares","Zumos y néctares melocotón","LAMBDA BIO zumo de melocotón y manzana ecológico botella 1 l"],"general_information":["Denominación del alimento: Zumo de melocotón con manzana ecológica","País de origen: España","Nombre del operador: Jugos canarios S.L.","Dirección del operador: Po. Ind. Salinetas, C/ Pastor, 19 - 35219 Telde","Lugar de procedencia del alimento: España","Cantidad Neta: 1 Litros","Otras menciones obligatorias en la etiqueta: Parcialmente a partir de concentrado."],"ingredients":[" Puré de melocotón ecológico (50%) y zumo de manzana ecológico (50%) a partir de concentrado."],"conservation":" Consérvese en el frigorífico una vez abierto.","ean":"8426612010022"},{"full_name":"MINUTE MAID néctar de melocotón botella 1 l","name":"néctar de melocotón botella 1 l","brand":"MINUTE MAID ","img":"https://sgfm.elcorteingles.es/SGFM/00/79/8/0118633600798/0118633600798000g01011.jpg","price":"1,39 €","price_unit":"(1,39 € / Litro)","categories":["Supermercado","Bebidas","Agua, Refrescos y Zumos","Zumos y néctares","Zumos y néctares melocotón","MINUTE MAID néctar de melocotón botella 1 l"],"general_information":["Denominación del alimento: Néctar de melocotón a partir de concentrado.","Nombre del operador: Coca-Cola European Partners Iberia, S.L.U.","Dirección del operador: C/Ribera del Loira 20-22, 28042 - Madrid (España).","Cantidad Neta: 1 Litros"],"ingredients":[" Zumo de melocotón a partir de concentrado, agua, azúcar, acidulante ácido cítrico y antioxidante ácido ascórbico."],"ean":"5449000136039"},{"full_name":"PASCUAL VIVESOY zumo de melocotón y soja pack 3 envase 250 ml","name":"zumo de melocotón y soja pack 3 envase 250 ml","brand":"PASCUAL VIVESOY ","img":"https://sgfm.elcorteingles.es/SGFM/dctm/MEDIA03/201609/07/00118663300103____1__600x600.jpg","price":"1,75 €","price_unit":"(2,33 € / Litro)","categories":["Supermercado","Bebidas","Agua, Refrescos y Zumos","Zumos y néctares","Zumos y néctares melocotón","PASCUAL VIVESOY zumo de melocotón y soja pack 3 envase 250 ml"],"general_information":["Denominación del alimento: Bebida de zumo de melocotón y soja","Nombre del operador: Calidad Pascual, SAU.","Dirección del operador: Ctra. De Palencia, s/n - 09400 Aranda de Duero (Burgos)","Cantidad Neta: 750 Mililitros","Número de raciones por envase: 3","Otras menciones obligatorias en la etiqueta: Bebida 100% vegetal con soja seleccionada. Elaborada con soja certificada como no transgénica. Sólo semillas de máxima calidad y con la mejor selección de zumos de frutas."],"ingredients":[" Agua, zumo de melocotón (11%) a partir de concentrado, azúcar, semillas de soja (2.7%), estabilizante: E-440, acidulante: E-330, aroma, antioxidante: E-300, colorantes: E-160 a y E 100."],"conservation":" Una vez abierto, conservar el envase en nevera y consumir en el mismo día de apertura.","ean":"8410128651244"},{"full_name":"ALIADA 100% zumo de manzana a partir de concentrado sin azúcares añadidos envase 1 l","name":"100% zumo de manzana a partir de concentrado sin azúcares añadidos envase 1 l","brand":"ALIADA ","img":"https://sgfm.elcorteingles.es/SGFM/dctm/MEDIA03/201709/25/00118656702018____1__600x600.jpg","price":"0,66 €","price_unit":"(0,66 € / Litro)","categories":["Supermercado","Bebidas","Agua, Refrescos y Zumos","Zumos y néctares","Zumos y néctares manzana","ALIADA 100% zumo de manzana a partir de concentrado sin azúcares añadidos envase 1 l"],"general_information":["Denominación del alimento: ZUMO MANZANA A PARTIR DE CONCENTRADO","Nombre del operador: Elaborado para el Grupo El Corte Inglés \nHermosilla, 112. 28009 -Madrid- España \npor CIF: A30114490","Número de raciones por envase: contiene 5 por"],"ingredients":[" Ingredientes: \nZumo de manzana (100%) a partir de concentrado."],"conservation":" Una vez abierto, conservar refrigerado y consumir en los próximos 4 días.\nConservar en lugar fresco y seco","ean":"8433329080460"},{"full_name":"EL CORTE INGLES zumo de manzana exprimido envase 1 l","name":"zumo de manzana exprimido envase 1 l","brand":"EL CORTE INGLES ","img":"https://sgfm.elcorteingles.es/SGFM/dctm/MEDIA03/201703/06/00118657200566____1__600x600.jpg","price":"1,38 €","price_unit":"(1,38 € / Litro)","categories":["Supermercado","Bebidas","Agua, Refrescos y Zumos","Zumos y néctares","Zumos y néctares manzana","EL CORTE INGLES zumo de manzana exprimido envase 1 l"],"general_information":["Denominación del alimento: Zumo de manzana exprimido","Nombre del operador: Elaborado para el Corte Inglés por\n AMC JUICES S.L. \nCtra. Madrid-Cartagena km 383 \n30100 Espinardo (Murcia)\nEspaña","Número de raciones por envase: 5.0"],"ingredients":[" Ingredientes: Zumo de manzana.\nNo procedente de concentrado (zumo directo)"],"conservation":" Una vez abierto, conservar refrigerado y consumir en un plazo de 4 días","ean":"8433329017879"},{"full_name":"GRANINI zumo de manzana botella 1 l","name":"zumo de manzana botella 1 l","brand":"GRANINI ","img":"https://sgfm.elcorteingles.es/SGFM/03/59/4/0118633603594/0118633603594000g01011.jpg","price":"1,99 €","price_unit":"(1,99 € / Litro)","categories":["Supermercado","Bebidas","Agua, Refrescos y Zumos","Zumos y néctares","Zumos y néctares manzana","GRANINI zumo de manzana botella 1 l"],"general_information":["Denominación del alimento: zumo de manzana a partir de zumo de manzana concentrado","Nombre del operador: Eckes-Granini Ibérica, S.A.U.","Dirección del operador: Avda Diagonal, nº 514, 1er piso, puerta 1,2. 08006, Barcelona, Spain","Cantidad Neta: 1 Litros"],"ingredients":[" zumo de manzana"],"conservation":" Una vez abierto conservar en el frigorífico y consumir en 3-4 días.","ean":"4002160092853"},{"full_name":"DON SIMON zumo concentrado de manzana envase 1 l","name":"zumo concentrado de manzana envase 1 l","brand":"DON SIMON ","img":"https://sgfm.elcorteingles.es/SGFM/dctm/MEDIA02/CONTENIDOS/201408/25/00118656701234____1__600x600.jpg","price":"1,05 €            ","price_unit":"(0,95 € / Litro)","categories":["Supermercado","Bebidas","Agua, Refrescos y Zumos","Zumos y néctares","Zumos y néctares manzana","DON SIMON zumo concentrado de manzana envase 1 l"],"general_information":["Denominación del alimento: Zumo de manzana  a partir de concentrado.","País de origen: España","Nombre del operador: JGC S.A","Dirección del operador: C/Jorge Juan, 73 28009 Madrid España","Cantidad Neta: 1 Litros"],"ingredients":[" Zumo de manzana a partir de concentrado, acidulante: ácido cítrico"],"conservation":" Tras su apertura, conservar refrigerado. Agitar antes de servir","ean":"8410261380100"},{"full_name":"JUVER DISFRUTA néctar manzana sin azúcar envase 2 l","name":"néctar manzana sin azúcar envase 2 l","brand":"JUVER DISFRUTA ","img":"https://sgfm.elcorteingles.es/SGFM/00/36/8/0118633600368/0118633600368000g01011.jpg","price":"2,29 €","price_unit":"(1,14 € / Litro)","categories":["Supermercado","Bebidas","Agua, Refrescos y Zumos","Zumos y néctares","Zumos y néctares manzana","JUVER DISFRUTA néctar manzana sin azúcar envase 2 l"],"general_information":["Denominación del alimento: Bebida Refrescante de zumo de manzana a partir de concentrado con edulcorantes. Sin azúcares añadidos. Contiene los azúcares naturalmente presentes en la fruta. Contenido en zumo: 50% mínimo.","País de origen: España","Nombre del operador: Juver Alimentación S.L.U.","Dirección del operador: C/Julio Cortazar, 46 - 30110 Murcia","Cantidad Neta: 2 Litros"],"ingredients":[" Zumo de manzana a partir de concentrado (50%), agua, acidulante (acido citrico), antioxidante (acido L-ascorbico), edulcorantes (sucralosa y acesulfamo-K)."],"conservation":" Mantener en lugar fresco y seco. Una vez abierto se debe conservar en el frigorífico y consumir antes de 3 días.","ean":"8410707184453"},{"full_name":"LAMBDA BIO zumo de manzana ecológico botella 1 l","name":"zumo de manzana ecológico botella 1 l","brand":"LAMBDA BIO ","img":"https://sgfm.elcorteingles.es/SGFM/00/01/2/0118628000012/0118628000012000g01011.jpg","price":"2,76 €","price_unit":"(2,76 € / Litro)","categories":["Supermercado","Bebidas","Agua, Refrescos y Zumos","Zumos y néctares","Zumos y néctares manzana","LAMBDA BIO zumo de manzana ecológico botella 1 l"],"general_information":["Denominación del alimento: Zumo de manzana ecológica a partir de concentrado","País de origen: España","Nombre del operador: Jugos canarios S.L.","Dirección del operador: Po. Ind. Salinetas, C/ Pastor, 19 - 35219 Telde","Lugar de procedencia del alimento: España","Cantidad Neta: 1 Litros"],"ingredients":[" Zumo de manzana ecológica a partir de concentrado."],"conservation":" Consérvese en el frigorífico una vez abierto.","ean":"8426612010015"},{"full_name":"ZUMOSOL solo zumo 100% manzanas exprimidas envase 850 ml","name":"solo zumo 100% manzanas exprimidas envase 850 ml","brand":"ZUMOSOL ","img":"https://sgfm.elcorteingles.es/SGFM/dctm/MEDIA02/CONTENIDOS/201511/23/00118657201010____1__600x600.jpg","price":"2,38 €","price_unit":"(2,80 € / Litro)","categories":["Supermercado","Bebidas","Agua, Refrescos y Zumos","Zumos y néctares","Zumos y néctares manzana","ZUMOSOL solo zumo 100% manzanas exprimidas envase 850 ml"],"general_information":["Denominación del alimento: Zumo de Manzana Exprimida","Nombre del operador: Zumos Palma S.L.U","Dirección del operador: Pol. Industrial Mataché, Parc 18-53, 14700 Palma del Río, Córdoba.","Cantidad Neta: 850 Mililitros"],"ingredients":[" 100% Zumo de manzana exprimida"],"conservation":" Una vez abierto el envase conservese en el frigorifico y consumir en un maximo de 4 dias","ean":"8435425100288"},{"full_name":"SKUIK 100% Natural manzana y brócoli ecológico envase 110 g","name":"100% Natural manzana y brócoli ecológico envase 110 g","brand":"SKUIK ","img":"https://sgfm.elcorteingles.es/SGFM/dctm/MEDIA02/CONTENIDOS/201511/23/00118657200939____2__600x600.jpg","price":"1,25 €","price_unit":"(11,36 € / Kilo)","categories":["Supermercado","Bebidas","Agua, Refrescos y Zumos","Zumos y néctares","Zumos y néctares manzana","SKUIK 100% Natural manzana y brócoli ecológico envase 110 g"],"general_information":["Denominación del alimento: Pure manzana y brócoli","Nombre del operador: Fill Markers Solutions, S.L.","Dirección del operador: C/ Via Complutense nº 112, Portal 4, 2º,  28806 Alcalá de Henares, Madrid.","Cantidad Neta: 110 g"],"ingredients":[" Puré orgánico de manzana 60%, puré orgánico de pera 18%, zumo orgánico de manzana 17%, puré orgánico de brócoli 5%, concentrado orgánico de limón."],"conservation":" Una vez abierto, conservar refrigerado y consumir antes de 24 horas. Mantener en un lugar fresco y seco.","ean":"8437013771016"},{"full_name":"GRANINI néctar de manzana, zanahoria y remolacha botella 1 l","name":"néctar de manzana, zanahoria y remolacha botella 1 l","brand":"GRANINI ","img":"https://sgfm.elcorteingles.es/SGFM/dctm/MEDIA03/201706/16/00118633604477____1__600x600.jpg","price":"2,05 €            ","price_unit":"(1,99 € / Litro)","categories":["Supermercado","Bebidas","Agua, Refrescos y Zumos","Zumos y néctares","Zumos y néctares manzana","GRANINI néctar de manzana, zanahoria y remolacha botella 1 l"],"general_information":["Denominación del alimento: Bebida de Manzana, Zanahoria y Remolacha hecha parcialmente a partir de concentrado con vitaminas C y E.","Nombre del operador: Eckes-Granini Ibérica, S.A.U.","Dirección del operador: Avda Diagonal, nº 514, 1er piso, puerta 1,2. 08006, Barcelona, Spain","Cantidad Neta: 1 Litros"],"ingredients":[" agua, zumo de manzana a partir de concentrado  (30%), zumo de zanahoria a partir de  concentrado  (15%), azúcar, puré de manzana (6%), zumo de remolacha a partir de concentrado (5%), zumo de limón a partir de concentrado, puré de zanahoria (3%),  vitaminas C y E."],"conservation":" Una vez abierto conservar en el frigorífico y consumir en 3-4 días.","ean":"8431707046411"},{"full_name":"EL CORTE INGLES zumo de tomate envase 1 l","name":"zumo de tomate envase 1 l","brand":"EL CORTE INGLES ","img":"https://sgfm.elcorteingles.es/SGFM/dctm/MEDIA03/201703/06/00118656701622____1__600x600.jpg","price":"1,38 €","price_unit":"(1,38 € / Litro)","categories":["Supermercado","Bebidas","Agua, Refrescos y Zumos","Zumos y néctares","Zumos y néctares tomate","EL CORTE INGLES zumo de tomate envase 1 l"],"general_information":["Denominación del alimento: Zumo de tomate.","Nombre del operador: Elaborado para el Corte Inglés por\n AMC JUICES S.L. \nCtra. Madrid-Cartagena km 383 \n30100 Espinardo (Murcia)\nEspaña","Número de raciones por envase: 5.0"],"ingredients":[" Ingredientes: Zumo de tomate, sal. \nNo procedente de concentrado (zumo directo)."],"conservation":" Una vez abierto, conservar refrigerado y consumir en un plazo de 4 días","ean":"8433329017893"},{"full_name":"GRANINI zumo concentrado de tomate botella 1 l","name":"zumo concentrado de tomate botella 1 l","brand":"GRANINI ","img":"https://sgfm.elcorteingles.es/SGFM/dctm/MEDIA03/201704/25/00118633603321____2__600x600.jpg","price":"1,99 €","price_unit":"(1,99 € / Litro)","categories":["Supermercado","Bebidas","Agua, Refrescos y Zumos","Zumos y néctares","Zumos y néctares tomate","GRANINI zumo concentrado de tomate botella 1 l"],"general_information":["Denominación del alimento: Zumo de tomate a partir de concentrado con vitaminas C y E","Nombre del operador: Eckes-Granini Ibérica, S.A.U.","Dirección del operador: Avda Diagonal, nº 514, 1er piso, puerta 1,2. 08006, Barcelona, Spain","Cantidad Neta: 1 Litros"],"ingredients":[" Zumo de tomate a partir de concentrado (99%), zumo de limón a partir de concentrado, sal, vitaminas C y E."],"conservation":" Una vez abierto conservar en el frigorífico y consumir en 3-4 días.","ean":"4002160092778"},{"full_name":"GRANINI zumo de tomate pack 3 botellas 20 cl","name":"zumo de tomate pack 3 botellas 20 cl","brand":"GRANINI ","img":"https://sgfm.elcorteingles.es/SGFM/03/71/9/0118633603719/0118633603719000g01011.jpg","price":"2,54 €","price_unit":"(4,23 € / Litro)","categories":["Supermercado","Bebidas","Agua, Refrescos y Zumos","Zumos y néctares","Zumos y néctares tomate","GRANINI zumo de tomate pack 3 botellas 20 cl"],"general_information":["Denominación del alimento: Zumo de tomate a partir de concentrado con vitaminas C y E","Nombre del operador: Eckes-Granini Ibérica, S.A.U.","Dirección del operador: Avda Diagonal, nº 514, 1er piso, puerta 1,2. 08006, Barcelona, Spain","Cantidad Neta: 0.6 Litros"],"ingredients":[" Zumo de tomate a partir de concentrado (99%), zumo de limón a partir de concentrado, sal, vitaminas C y E."],"conservation":" Una vez abierto conservar en el frigorífico y consumir en 3-4 días.","ean":"8431707000482"},{"full_name":"LAMBDA BIO zumo de tomate ecológico botella 1 l","name":"zumo de tomate ecológico botella 1 l","brand":"LAMBDA BIO ","img":"https://sgfm.elcorteingles.es/SGFM/00/15/2/0118628000152/0118628000152000g01011.jpg","price":"2,76 €","price_unit":"(2,76 € / Litro)","categories":["Supermercado","Bebidas","Agua, Refrescos y Zumos","Zumos y néctares","Zumos y néctares tomate","LAMBDA BIO zumo de tomate ecológico botella 1 l"],"general_information":["Denominación del alimento: Zumo de tomate a partir de concentrado","País de origen: España","Nombre del operador: Jugos canarios S.L.","Dirección del operador: Po. Ind. Salinetas, C/ Pastor, 19 - 35219 Telde","Lugar de procedencia del alimento: España","Cantidad Neta: 1 Litros"],"ingredients":[" Zumo de tomate ecológico a partir de concentrado, sal marina."],"conservation":" Consérvese en el frigorífico una vez abierto.","ean":"8426612010053"},{"full_name":"VITACOCO agua de coco natural envase 1 l","name":"agua de coco natural envase 1 l","brand":"VITACOCO ","img":"https://sgfm.elcorteingles.es/SGFM/dctm/MEDIA02/CONTENIDOS/201509/10/00118620100976____1__600x600.jpg","price":"3,69 €","price_unit":"(3,69 € / Litro)","categories":["Supermercado","Bebidas","Agua, Refrescos y Zumos","Zumos y néctares","Zumos y néctares tropicales","VITACOCO agua de coco natural envase 1 l"],"general_information":["Denominación del alimento: Agua de coco natural","Nombre del operador: Vita Coco Spain SL","Dirección del operador: Calle Pujades, 51-55 box 22, 08005 Barcelona.","Cantidad Neta: 1 Litros"],"ingredients":[" Agua de coco natural, menos de 1% de azúcar de la fruta, Vitamina C"],"conservation":" Consérvese en lugar fresco y seco. Una vez abierto se recomienda conservar en el refrigerador y consumir dentro de 24 horas.","ean":"0898999000503"},{"full_name":"VITACOCO agua de coco con limón envase 33 cl","name":"agua de coco con limón envase 33 cl","brand":"VITACOCO ","img":"https://sgfm.elcorteingles.es/SGFM/dctm/MEDIA02/CONTENIDOS/201501/22/00200520100736____1__600x600.jpg","price":"1,75 €","price_unit":"(5,30 € / Litro)","categories":["Supermercado","Bebidas","Agua, Refrescos y Zumos","Zumos y néctares","Zumos y néctares tropicales","VITACOCO agua de coco con limón envase 33 cl"],"general_information":["Denominación del alimento: Agua de coco con limón","Nombre del operador: Vita Coco Spain SL","Dirección del operador: Calle Pujades, 51-55 box 22, 08005 Barcelona.","Cantidad Neta: 330 Mililitros"],"ingredients":[" Agua de coco natural (89%), puré limón (9%), azúcar natural de la fruta (2%)"],"conservation":" Consérvese en lugar fresco y seco. Una vez abierto se recomienda conservar en el refrigerador y consumir dentro de 24 horas.","ean":"0898999000602"},{"full_name":"VITACOCO agua de coco natural envase 33 cl","name":"agua de coco natural envase 33 cl","brand":"VITACOCO ","img":"https://sgfm.elcorteingles.es/SGFM/dctm/MEDIA02/CONTENIDOS/201501/22/00118620100885____1__600x600.jpg","price":"1,75 €","price_unit":"(5,30 € / Litro)","categories":["Supermercado","Bebidas","Agua, Refrescos y Zumos","Zumos y néctares","Zumos y néctares tropicales","VITACOCO agua de coco natural envase 33 cl"],"general_information":["Denominación del alimento: Agua de coco natural","Nombre del operador: Vita Coco Spain SL","Dirección del operador: Calle Pujades, 51-55 box 22, 08005 Barcelona.","Cantidad Neta: 330 Mililitros"],"ingredients":[" Agua de coco natural, menos de 1% de azúcar de la fruta, Vitamina C"],"conservation":" Consérvese en lugar fresco y seco. Una vez abierto se recomienda conservar en el refrigerador y consumir dentro de 24 horas.","ean":"0898999000022"},{"full_name":"VITACOCO agua de coco con piña envase 33 cl","name":"agua de coco con piña envase 33 cl","brand":"VITACOCO ","img":"https://sgfm.elcorteingles.es/SGFM/dctm/MEDIA02/CONTENIDOS/201501/22/00118620100893____1__600x600.jpg","price":"1,75 €","price_unit":"(5,30 € / Litro)","categories":["Supermercado","Bebidas","Agua, Refrescos y Zumos","Zumos y néctares","Zumos y néctares tropicales","VITACOCO agua de coco con piña envase 33 cl"],"general_information":["Denominación del alimento: Agua de coco con piña","Nombre del operador: Vita Coco Spain SL","Dirección del operador: Calle Pujades, 51-55 box 22, 08005 Barcelona.","Cantidad Neta: 330 Mililitros"],"ingredients":[" Agua de coco natural, menos de 1% de azúcar de la fruta, Vitamina C"],"conservation":" Consérvese en lugar fresco y seco. Una vez abierto se recomienda conservar en el refrigerador y consumir dentro de 24 horas.","ean":"0898999000206"},{"full_name":"VITACOCO agua de coco con melocotón y mango envase 33 cl","name":"agua de coco con melocotón y mango envase 33 cl","brand":"VITACOCO ","img":"https://sgfm.elcorteingles.es/SGFM/dctm/MEDIA03/201607/26/00118620101065____1__600x600.jpg","price":"1,75 €","price_unit":"(5,30 € / Litro)","categories":["Supermercado","Bebidas","Agua, Refrescos y Zumos","Zumos y néctares","Zumos y néctares tropicales","VITACOCO agua de coco con melocotón y mango envase 33 cl"],"general_information":["Denominación del alimento: Agua de coco con melocotón y mango","Nombre del operador: Vita Coco Spain SL","Dirección del operador: Calle Pujades, 51-55 box 22, 08005 Barcelona.","Cantidad Neta: 330 Mililitros"],"ingredients":[" Agua de coco natural (87%), puré Mango (12%), puré melocotón (1%), Vitamina C"],"conservation":" Consérvese en lugar fresco y seco. Una vez abierto se recomienda conservar en el refrigerador y consumir dentro de 24 horas.","ean":"0898999000305"},{"full_name":"JUVER DISFRUTA néctar tropical sin azúcar envase 2 l","name":"néctar tropical sin azúcar envase 2 l","brand":"JUVER DISFRUTA ","img":"https://sgfm.elcorteingles.es/SGFM/00/31/9/0118633600319/0118633600319000g01011.jpg","price":"2,29 €","price_unit":"(1,14 € / Litro)","categories":["Supermercado","Bebidas","Agua, Refrescos y Zumos","Zumos y néctares","Zumos y néctares tropicales","JUVER DISFRUTA néctar tropical sin azúcar envase 2 l"],"general_information":["Denominación del alimento: Bebida refrescante de zumo de frutas tropicales parcialmente a partir de concentrado con edulcorantes. Sin azúcares añadidos. Contiene los azúcares naturalmente presentes en la fruta. Contenido en zumo: 50% mínimo","País de origen: España","Nombre del operador: Juver Alimentacion S.L.U.","Dirección del operador: C/Julio Cortazar, 46 - 30110 Murcia","Cantidad Neta: 2000 Mililitros"],"ingredients":[" Zumo de frutas parcialmente a partir de concentrado (50%) (piña, naranja, mandarina, uva, manzana, pera, plátano, guayaba, mango y maracuyá, en proporción variable), agua, acidulante (ácido cítrico), antioxidante (ácido L-ascórbico) y edulcorantes (Sucralosa, acesulfame-K y Neohespiridina DC) y aroma natural."],"conservation":" Mantener en lugar fresco y seco. Una vez abierto se debe conservar en el frigorífico y consumir antes de 3 días.","ean":"8410707126453"},{"full_name":"JUVER DISFRUTA néctar tropical sin azúcar pack 6 envase 200 ml","name":"néctar tropical sin azúcar pack 6 envase 200 ml","brand":"JUVER DISFRUTA ","img":"https://sgfm.elcorteingles.es/SGFM/00/57/4/0118633600574/0118633600574000g01011.jpg","price":"2,21 €","price_unit":"(1,84 € / Litro)","categories":["Supermercado","Bebidas","Agua, Refrescos y Zumos","Zumos y néctares","Zumos y néctares tropicales","JUVER DISFRUTA néctar tropical sin azúcar pack 6 envase 200 ml"],"general_information":["Denominación del alimento: Bebida refrescante de zumo de frutas tropicales parcialmente a partir de concentrado con edulcorantes. Sin azúcares añadidos. Contiene los azúcares naturalmente presentes en la fruta. Contenido en zumo: 50% mínimo","País de origen: España","Nombre del operador: Juver Alimentacion S.L.U.","Dirección del operador: C/Julio Cortazar, 46 - 30110 Murcia","Cantidad Neta: 1200 Mililitros"],"ingredients":[" Zumo de frutas parcialmente a partir de concentrado (50%) (piña, naranja, mandarina, uva, manzana, pera, plátano, guayaba, mango y maracuyá, en proporción variable), agua, acidulante (ácido cítrico), antioxidante (ácido L-ascórbico) y edulcorantes (Sucralosa, acesulfame-K y Neohespiridina DC) y aroma natural."],"conservation":" Mantener en lugar fresco y seco. Una vez abierto se debe conservar en el frigorífico y consumir antes de 3 días.","ean":"8410707126378"},{"full_name":"JUVER DISFRUTA Exótico néctar de guayaba envase 1 l","name":"DISFRUTA Exótico néctar de guayaba envase 1 l","brand":"JUVER ","img":"https://sgfm.elcorteingles.es/SGFM/dctm/MEDIA02/CONTENIDOS/201509/24/00118633604162____2__600x600.jpg","price":"1,16 €","price_unit":"(1,16 € / Litro)","categories":["Supermercado","Bebidas","Agua, Refrescos y Zumos","Zumos y néctares","Zumos y néctares tropicales","JUVER DISFRUTA Exótico néctar de guayaba envase 1 l"],"general_information":[],"ingredients":[],"ean":"8410707002863"},{"full_name":"GRANINI néctar naranja y mango botella 1 l","name":"néctar naranja y mango botella 1 l","brand":"GRANINI ","img":"https://sgfm.elcorteingles.es/SGFM/00/46/7/0118633600467/0118633600467000g01011.jpg","price":"1,99 €","price_unit":"(1,99 € / Litro)","categories":["Supermercado","Bebidas","Agua, Refrescos y Zumos","Zumos y néctares","Zumos y néctares tropicales","GRANINI néctar naranja y mango botella 1 l"],"general_information":["Denominación del alimento: Bebida de Naranja-Mango","Nombre del operador: Eckes-Granini Ibérica, S.A.U.","Dirección del operador: Avda Diagonal, nº 514, 1er piso, puerta 1,2. 08006, Barcelona, Spain","Cantidad Neta: 1 Litros"],"ingredients":[" agua, zumo de naranja a partir de zumo de naranja concentrado (34%), puré de mango (9%), azúcar, zumo de limón a partir de concentrado, antioxidante: ácido ascórbico, aroma natural."],"conservation":" Una vez abierto conservar en el frigorífico y consumir en 3-4 días.","ean":"4002160092877"},{"full_name":"LAMBDA zumo de guayaba sin azúcares añadidos botella 1 l","name":"zumo de guayaba sin azúcares añadidos botella 1 l","brand":"LAMBDA ","img":"https://sgfm.elcorteingles.es/SGFM/01/07/7/0118633601077/0118633601077000g01011.jpg","price":"1,98 €","price_unit":"(1,98 € / Litro)","categories":["Supermercado","Bebidas","Agua, Refrescos y Zumos","Zumos y néctares","Zumos y néctares tropicales","LAMBDA zumo de guayaba sin azúcares añadidos botella 1 l"],"general_information":["Denominación del alimento: Néctar de guayaba","País de origen: España","Nombre del operador: Jugos canarios S.L.","Dirección del operador: Po. Ind. Salinetas, C/ Pastor, 19 - 35219 Telde","Lugar de procedencia del alimento: España","Cantidad Neta: 1 Litros","Otras menciones obligatorias en la etiqueta: Parcialmente a partir de concentrados. Con edulcorantes."],"ingredients":[" Agua, puré y zumo de guayaba a partir de concentrado, zumo de limón concentrado, edulcorante: sucralosa (E-955), vitamina C."],"conservation":" Consérvese en el frigorífico una vez abierto.","ean":"8426612011234"},{"full_name":"LAMBDA zumo de mango botella 1 l","name":"zumo de mango botella 1 l","brand":"LAMBDA ","img":"https://sgfm.elcorteingles.es/SGFM/01/40/8/0118633601408/0118633601408000g01011.jpg","price":"1,99 €","price_unit":"(1,99 € / Litro)","categories":["Supermercado","Bebidas","Agua, Refrescos y Zumos","Zumos y néctares","Zumos y néctares tropicales","LAMBDA zumo de mango botella 1 l"],"general_information":["Denominación del alimento: Néctar de Mango","País de origen: España","Nombre del operador: Premium Mix Group, S.L.","Dirección del operador: Córcega 272, Entlo. Barcelona 08008","Lugar de procedencia del alimento: España","Cantidad Neta: 1 Litros"],"ingredients":[" agua, puré ( 25%) y zumo (4%) de mango a partir de concentrado, azúcar, zumo de maracuyá (1%) concentrado, zumo de limón concentrado, vitamina C."],"conservation":" Consérvese en el frigorífico una vez abierto","ean":"8426612001044"},{"full_name":"LAMBDA zumo de mango sin azúcares añadidos botella 1 l","name":"zumo de mango sin azúcares añadidos botella 1 l","brand":"LAMBDA ","img":"https://sgfm.elcorteingles.es/SGFM/02/13/3/0118633602133/0118633602133000g01011.jpg","price":"1,98 €","price_unit":"(1,98 € / Litro)","categories":["Supermercado","Bebidas","Agua, Refrescos y Zumos","Zumos y néctares","Zumos y néctares tropicales","LAMBDA zumo de mango sin azúcares añadidos botella 1 l"],"general_information":["Denominación del alimento: Néctar de mango","País de origen: España","Nombre del operador: Jugos canarios S.L.","Dirección del operador: Po. Ind. Salinetas, C/ Pastor, 19 - 35219 Telde","Lugar de procedencia del alimento: España","Cantidad Neta: 1 Litros","Otras menciones obligatorias en la etiqueta: Parcialmente a partir de concentrado. Con edulcorantes."],"ingredients":[" Agua, puré (25%) y zumo(4%) de mango a partir de concentrado, zumo de maracuyá concentrado (1%), zumo de limón concentrado, edulcorante: sucralosa ( E-955), vitamina C."],"conservation":" Consérvese en el frigorífico una vez abierto.","ean":"8426612011043"},{"full_name":"LAMBDA BIO zumo de mango y naranja ecológico botella 1 l","name":"zumo de mango y naranja ecológico botella 1 l","brand":"LAMBDA BIO ","img":"https://sgfm.elcorteingles.es/SGFM/00/02/0/0118628000020/0118628000020000g01011.jpg","price":"2,76 €","price_unit":"(2,76 € / Litro)","categories":["Supermercado","Bebidas","Agua, Refrescos y Zumos","Zumos y néctares","Zumos y néctares tropicales","LAMBDA BIO zumo de mango y naranja ecológico botella 1 l"],"general_information":["Denominación del alimento: Zumo de mango con naranja ecológica","País de origen: España","Nombre del operador: Jugos canarios S.L.","Dirección del operador: Po. Ind. Salinetas, C/ Pastor, 19 - 35219 Telde","Lugar de procedencia del alimento: España","Cantidad Neta: 1 Litros","Otras menciones obligatorias en la etiqueta: Parcialmente a partir de concentrado."],"ingredients":[" Puré de mango ecológico (50%) y zumo de naranja ecológica (50%) a partir de concentrado"],"conservation":" Consérvese en el frigorífico una vez abierto.","ean":"8426612010046"},{"full_name":"DON SIMON néctar de piña y coco botella 1,5 l","name":"néctar de piña y coco botella 1,5 l","brand":"DON SIMON ","img":"https://sgfm.elcorteingles.es/SGFM/00/73/1/0118633600731/0118633600731000g01011.jpg","price":"1,34 €","price_unit":"(0,89 € / Litro)","categories":["Supermercado","Bebidas","Agua, Refrescos y Zumos","Zumos y néctares","Zumos y néctares tropicales","DON SIMON néctar de piña y coco botella 1,5 l"],"general_information":["Denominación del alimento: Bebida de zumo de frutas. Contenido de zumo: mínimo 50 %","Nombre del operador: JGC S.A","Dirección del operador: C/Jorge Juan, 73 28009 Madrid España","Cantidad Neta: 1 Litros"],"ingredients":[" Agua, zumo de piña a partir de concentrado (34%), zumo de naranja a partir de concentrado (16%), azúcar, coco (1%), regulador de la acidez? ácido cítrico, estabilizante: pectina, antioxidante: ácido ascórbico, y aroma"],"conservation":" Tras su apertura, conservar refrigerado. Agitar antes de servir","ean":"8410261657011"},{"full_name":"GOYA leche de coco para cocinar lata 400 g","name":"leche de coco para cocinar lata 400 g","brand":"GOYA ","img":"https://sgfm.elcorteingles.es/SGFM/dctm/MEDIA02/CONTENIDOS/201505/21/00118644000038____1__600x600.jpg","price":"1,94 €","price_unit":"(4,85 € / Kilo)","categories":["Supermercado","Bebidas","Agua, Refrescos y Zumos","Zumos y néctares","Zumos y néctares tropicales","GOYA leche de coco para cocinar lata 400 g"],"general_information":[],"ingredients":[],"ean":"8426967021643"},{"full_name":"GOYA crema de coco lata 425 g","name":"crema de coco lata 425 g","brand":"GOYA ","img":"https://sgfm.elcorteingles.es/SGFM/dctm/MEDIA02/CONTENIDOS/201505/21/00118644000020____1__600x600.jpg","price":"2,65 €","price_unit":"(6,24 € / Kilo)","categories":["Supermercado","Bebidas","Agua, Refrescos y Zumos","Zumos y néctares","Zumos y néctares tropicales","GOYA crema de coco lata 425 g"],"general_information":["Denominación del alimento: Crema de coco","País de origen: República Dominicana","Nombre del operador: Productos Goya Nativo S.L.","Dirección del operador: Avda. de la Constitución, 115 Pol. Industrial Monte Boyal 45950 Casarrubios del Monte (Toledo) España","Cantidad Neta: 425 g","Otras menciones obligatorias en la etiqueta: No contiene alérgenos"],"ingredients":[" Extracto acuoso de coco, azúcar, sal, ácido cítrico (E-330), goma xantana y emulsificante (E-401)"],"conservation":" Ambiente seco y fresco. No congelar. Refrigerar después de abierto","ean":"0041331021630"},{"full_name":"LIBBY'S 100% zumo de frutos tropicales pack 3 envase 20 cl","name":"100% zumo de frutos tropicales pack 3 envase 20 cl","brand":"LIBBY'S ","img":"https://sgfm.elcorteingles.es/SGFM/dctm/MEDIA03/201603/31/00118633601051____2__600x600.jpg","price":"1,20 €","price_unit":"(2 € / Litro)","categories":["Supermercado","Bebidas","Agua, Refrescos y Zumos","Zumos y néctares","Zumos y néctares tropicales","LIBBY'S 100% zumo de frutos tropicales pack 3 envase 20 cl"],"general_information":["Denominación del alimento: Zumo de frutas parcialmente a partir de concentrado","País de origen: España","Nombre del operador: Establecimientos Industriales Archipiélago, S.A.","Dirección del operador: Carretera General del Sur Km 4 nº 57 El Chorrillo - C.P. 38111 (Santa Cruz de Tenerife)","Lugar de procedencia del alimento: Santa Cruz de Tenerife (España).","Cantidad Neta: 0.6 Litros","Número de raciones por envase: 3","Otras menciones obligatorias en la etiqueta: Sin gluten. Sin huevo. Sin soja."],"ingredients":[" Zumo y pulpa de frutas parcilamente a partir de concentrado (piña 72%, manzana 16%, naranja 7 %, maracuyá 2 %, albaricoque 1%, guayaba 1%, mango 0,5%, banana 0,3%, lima 0,2 %) acidulante (ácido cítrico), antioxidante (ácido ascórbico) ."],"conservation":" Una vez abierto conservar en frío.","ean":"8412755108139"},{"full_name":"LIBBY'S néctar mango sabores del trópico envase 1 l","name":"néctar mango sabores del trópico envase 1 l","brand":"LIBBY'S ","img":"https://sgfm.elcorteingles.es/SGFM/dctm/MEDIA03/201603/31/00118633600962____2__600x600.jpg","price":"1,25 €","price_unit":"(1,25 € / Litro)","categories":["Supermercado","Bebidas","Agua, Refrescos y Zumos","Zumos y néctares","Zumos y néctares tropicales","LIBBY'S néctar mango sabores del trópico envase 1 l"],"general_information":["Denominación del alimento: Néctar de mango parcialmente a partir de concentrado","País de origen: España","Nombre del operador: Establecimientos Industriales Archipiélago, S.A.","Dirección del operador: Carretera General del Sur Km 4 nº 57 El Chorrillo - C.P. 38111 (Santa Cruz de Tenerife)","Lugar de procedencia del alimento: Santa Cruz de Tenerife (España).","Cantidad Neta: 1 Litros","Otras menciones obligatorias en la etiqueta: Sin gluten. Sin huevo. Sin soja."],"ingredients":[" Agua, pulpa  de mango parcialmente a partir de concentrado (35 %), azúcar, acidulante (ácido cítrico) y  antioxidante (ácido ascórbico)."],"conservation":" Una vez abierto conservar en frío.","ean":"8412755102083"},{"full_name":"LIBBY'S néctar de mango pack 3 envase 200 ml","name":"néctar de mango pack 3 envase 200 ml","brand":"LIBBY'S ","img":"https://sgfm.elcorteingles.es/SGFM/dctm/MEDIA03/201603/31/00118633601515____2__600x600.jpg","price":"1,20 €","price_unit":"(6 € / Litro)","categories":["Supermercado","Bebidas","Agua, Refrescos y Zumos","Zumos y néctares","Zumos y néctares tropicales","LIBBY'S néctar de mango pack 3 envase 200 ml"],"general_information":["Denominación del alimento: Néctar de mango parcialmente a partir de concentrado","País de origen: España","Nombre del operador: Establecimientos Industriales Archipiélago, S.A.","Dirección del operador: Carretera General del Sur Km 4 nº 57 El Chorrillo - C.P. 38111 (Santa Cruz de Tenerife)","Lugar de procedencia del alimento: Santa Cruz de Tenerife (España).","Cantidad Neta: 0.6 Litros","Otras menciones obligatorias en la etiqueta: Sin gluten. Sin huevo. Sin soja."],"ingredients":[" Agua, pulpa de mango parcialmente a partir de concentrado, azúcar, acidulante (ácido cítrico) y antioxidante (ácido ascórbico)."],"conservation":" Una vez abierto conservar en frío.","ean":"8412755108085"},{"full_name":"RAUCH Happy Day zumo de mango con vitamina C envase 1 l","name":"Happy Day zumo de mango con vitamina C envase 1 l","brand":"RAUCH ","img":"https://sgfm.elcorteingles.es/SGFM/dctm/MEDIA02/CONTENIDOS/201410/02/00118633601838____1__600x600.jpg","price":"2,20 €","price_unit":"(2,20 € / Litro)","categories":["Supermercado","Bebidas","Agua, Refrescos y Zumos","Zumos y néctares","Zumos y néctares tropicales","RAUCH Happy Day zumo de mango con vitamina C envase 1 l"],"general_information":["Denominación del alimento: Zumo de Tomate.","Nombre del operador: Comercial Masoliver S.A.","Dirección del operador: Calle Puntia, 18 - 17857 Begudà (Girona) España","Lugar de procedencia del alimento: 040 - Austria","Cantidad Neta: 1 Litros"],"ingredients":[" Zumo de tomate concentrado, sal para cocinar (0,3%), acidificantes: ácido cítrico."],"conservation":" Mantener en el frigorífico después de la apertura, utilizar antes de 3 días.","ean":"9008700108829"},{"full_name":"RAUCH Happy Day zumo de maracuya envase 1 l","name":"Happy Day zumo de maracuya envase 1 l","brand":"RAUCH ","img":"https://sgfm.elcorteingles.es/SGFM/dctm/MEDIA03/201603/01/00118633604295____1__600x600.jpg","price":"2,20 €","price_unit":"(2,20 € / Litro)","categories":["Supermercado","Bebidas","Agua, Refrescos y Zumos","Zumos y néctares","Zumos y néctares tropicales","RAUCH Happy Day zumo de maracuya envase 1 l"],"general_information":["Denominación del alimento: Bebida de Mango a base de puré/-concentrado de mango y zumo de fruta de la pasión.","Nombre del operador: Comercial Masoliver S.A.","Dirección del operador: Calle Puntia, 18 - 17857 Begudà (Girona) España","Lugar de procedencia del alimento: 040 - Austria","Cantidad Neta: 1 Litros"],"ingredients":[" Agua, puré/-concentrado de mango, azúcar, zumo de fruta de la pasión, acidificante: ácido cítrico; vitamina C."],"conservation":" Mantener en el frigorífico  después de la apertura, utilizar antes de 3 días.","ean":"9008700128575"},{"full_name":"GOYA agua de coco sin azúcar lata 35 cl","name":"agua de coco sin azúcar lata 35 cl","brand":"GOYA ","img":"https://sgfm.elcorteingles.es/SGFM/dctm/MEDIA03/201706/23/00118620101131____6__600x600.jpg","price":"1,45 €","price_unit":"(4,14 € / Litro)","categories":["Supermercado","Bebidas","Agua, Refrescos y Zumos","Zumos y néctares","Zumos y néctares tropicales","GOYA agua de coco sin azúcar lata 35 cl"],"general_information":[],"ingredients":[],"ean":"8426967027867"},{"full_name":"ALIADA 100% zumo multifrutas a partir de concentrado sin azúcares añadidos envase 1 l","name":"100% zumo multifrutas a partir de concentrado sin azúcares añadidos envase 1 l","brand":"ALIADA ","img":"https://sgfm.elcorteingles.es/SGFM/dctm/MEDIA03/201709/25/00118656702000____1__600x600.jpg","price":"1,01 €","price_unit":"(1,01 € / Litro)","categories":["Supermercado","Bebidas","Agua, Refrescos y Zumos","Zumos y néctares","Zumos y néctares diversos","ALIADA 100% zumo multifrutas a partir de concentrado sin azúcares añadidos envase 1 l"],"general_information":["Denominación del alimento: ZUMO MULTIFRUTAS\n PARCIALMENTE A PARTIR DE CONCENTRADOS","Nombre del operador: Elaborado para el Grupo El Corte Inglés \nHermosilla, 112. 28009 -Madrid- España \npor CIF: A30114490","Número de raciones por envase: contiene 5 por"],"ingredients":[" Ingredientes: \nzumo de piña (44%), mandarina (18%) y naranja (18%) a partir de concentrado, puré de mango (6%), plátano (5%), guayaba (5%) y maracuyá (2%) concentrados, zumo de limón (1%) a partir de concentrado y puré de kiwi (1%) concentrado."],"conservation":" Una vez abierto, conservar refrigerado y consumir en los próximos 4 días.\nConservar en lugar fresco y seco","ean":"8433329080453"},{"full_name":"EL CORTE INGLES zumo de pomelo rosa exprimido con pulpa envase 1 l","name":"zumo de pomelo rosa exprimido con pulpa envase 1 l","brand":"EL CORTE INGLES ","img":"https://sgfm.elcorteingles.es/SGFM/dctm/MEDIA03/201703/06/00118657200533____2__600x600.jpg","price":"1,72 €","price_unit":"(1,72 € / Litro)","categories":["Supermercado","Bebidas","Agua, Refrescos y Zumos","Zumos y néctares","Zumos y néctares diversos","EL CORTE INGLES zumo de pomelo rosa exprimido con pulpa envase 1 l"],"general_information":["Denominación del alimento: Zumo de pomelo rosa exprimido con pulpa.","Nombre del operador: Elaborado para el Corte Inglés por\n AMC JUICES S.L. \nCtra. Madrid-Cartagena km 383 \n30100 Espinardo (Murcia)\nEspaña","Número de raciones por envase: 5.0"],"ingredients":[" Ingredientes: Zumo de pomelo exprimido con 2% de pulpa.\nNo procedente de concentrado (zumo directo)"],"conservation":" Una vez abierto, conservar refrigerado y consumir en un plazo de 4 días","ean":"8433329017855"},{"full_name":"EL CORTE INGLES zumo multifrutas exprimido envase 1 l","name":"zumo multifrutas exprimido envase 1 l","brand":"EL CORTE INGLES ","img":"https://sgfm.elcorteingles.es/SGFM/dctm/MEDIA03/201703/06/00118657200798____1__600x600.jpg","price":"1,38 €","price_unit":"(1,38 € / Litro)","categories":["Supermercado","Bebidas","Agua, Refrescos y Zumos","Zumos y néctares","Zumos y néctares diversos","EL CORTE INGLES zumo multifrutas exprimido envase 1 l"],"general_information":["Denominación del alimento: Zumo de frutas exprimido.","Nombre del operador: Elaborado para el Corte Inglés por\n AMC JUICES S.L. \nCtra. Madrid-Cartagena km 383 \n30100 Espinardo (Murcia)\nEspaña","Número de raciones por envase: 5.0"],"ingredients":[" Ingredientes: Zumo de manzana (36%), zumo de naranja (26%), zumo de  piña (16%), puré de mango (15%) y puré de maracuyá (7%)."],"conservation":" Una vez abierto, conservar refrigerado y consumir en un plazo de 4 días","ean":"8433329017886"},{"full_name":"EL CORTE INGLES zumo de mandarina exprimido envase 1 l","name":"zumo de mandarina exprimido envase 1 l","brand":"EL CORTE INGLES ","img":"https://sgfm.elcorteingles.es/SGFM/dctm/MEDIA03/201703/06/00118657200541____1__600x600.jpg","price":"1,38 €","price_unit":"(1,38 € / Litro)","categories":["Supermercado","Bebidas","Agua, Refrescos y Zumos","Zumos y néctares","Zumos y néctares diversos","EL CORTE INGLES zumo de mandarina exprimido envase 1 l"],"general_information":["Denominación del alimento: ZUMO DE MANDARINA EXPRIMIDO","Nombre del operador: Elaborado para el Corte Inglés por\n AMC JUICES S.L. \nCtra. Madrid-Cartagena km 383\n30100 Espinardo (Murcia)\nEspaña","Número de raciones por envase: 5.0"],"ingredients":[" Ingredientes: Zumo de mandarina.\nNo procedente de concentrado (zumo directo)"],"conservation":" Una vez abierto, conservar refrigerado y consumir en un plazo de 4 días","ean":"8433329017848"},{"full_name":"EL CORTE INGLES zumo de vegetales envase 1 l","name":"zumo de vegetales envase 1 l","brand":"EL CORTE INGLES ","img":"https://sgfm.elcorteingles.es/SGFM/dctm/MEDIA03/201703/06/00118658601192____1__600x600.jpg","price":"2,03 €","price_unit":"(2,03 € / Litro)","categories":["Supermercado","Bebidas","Agua, Refrescos y Zumos","Zumos y néctares","Zumos y néctares diversos","EL CORTE INGLES zumo de vegetales envase 1 l"],"general_information":["Denominación del alimento: Zumo de vegetales","Nombre del operador: Elaborado para el Corte Inglés por\n AMC JUICES S.L. \nCtra. Madrid-Cartagena km 383 \n30100 Espinardo (Murcia)\nEspaña"],"ingredients":[" Ingredientes: Zumo de tomate (90%), puré de zanahoria (3%), zumos de apio, perejil y espinacas a partir de concentrados en proporciones variables, sal, extracto de especias, antioxidante: ácido ascórbico y aroma."],"conservation":" Una vez abierto, conservar refrigerado y consumir en un plazo de 4 días","ean":"8433329017930"},{"full_name":"EL CORTE INGLES zumo de frutos rojos con acerola envase 1 l","name":"zumo de frutos rojos con acerola envase 1 l","brand":"EL CORTE INGLES ","img":"https://sgfm.elcorteingles.es/SGFM/dctm/MEDIA03/201703/06/00118658600996____1__600x600.jpg","price":"2,03 €","price_unit":"(2,03 € / Litro)","categories":["Supermercado","Bebidas","Agua, Refrescos y Zumos","Zumos y néctares","Zumos y néctares diversos","EL CORTE INGLES zumo de frutos rojos con acerola envase 1 l"],"general_information":["Denominación del alimento: Zumo de frutas","Nombre del operador: Elaborado para el Corte Inglés por\n AMC JUICES S.L. \nCtra. Madrid-Cartagena km 383 \n30100 Espinardo (Murcia)\nEspaña","Número de raciones por envase: 5.0"],"ingredients":[" Ingredientes: Zumo de uva roja cereza y grosella (83%), purés de frambuesa, fresa y mora (10%) y puré de acerola (7%).   \n\nNo procedente de concentrado (zumo directo)."],"conservation":" Una vez abierto, conservar refrigerado y consumir en un plazo de 4 días","ean":"8433329017923"},{"full_name":"EL CORTE INGLES zumo de granada y uva roja envase 1 l","name":"zumo de granada y uva roja envase 1 l","brand":"EL CORTE INGLES ","img":"https://sgfm.elcorteingles.es/SGFM/dctm/MEDIA03/201703/06/00118658601002____1__600x600.jpg","price":"3,05 €","price_unit":"(3,05 € / Litro)","categories":["Supermercado","Bebidas","Agua, Refrescos y Zumos","Zumos y néctares","Zumos y néctares diversos","EL CORTE INGLES zumo de granada y uva roja envase 1 l"],"general_information":["Denominación del alimento: Zumo de granada y uva.","Nombre del operador: Elaborado para el Corte Inglés por\n AMC JUICES S.L. \nCtra. Madrid-Cartagena km 383 \n30100 Espinardo (Murcia)\nEspaña","Número de raciones por envase: 5.0"],"ingredients":[" Ingredientes: Zumo de granada (70%) y zumo de uva roja (30%).\nNo procedente de concentrado (zumo directo)."],"conservation":" Una vez abierto, conservar refrigerado y consumir en un plazo de 4 días","ean":"8433329017909"},{"full_name":"EL CORTE INGLES Cramberry zumo de arándanos rojos envase 1 l","name":"Cramberry zumo de arándanos rojos envase 1 l","brand":"EL CORTE INGLES ","img":"https://sgfm.elcorteingles.es/SGFM/dctm/MEDIA03/201703/06/00118658601010____1__600x600.jpg","price":"2,03 €","price_unit":"(2,03 € / Litro)","categories":["Supermercado","Bebidas","Agua, Refrescos y Zumos","Zumos y néctares","Zumos y néctares diversos","EL CORTE INGLES Cramberry zumo de arándanos rojos envase 1 l"],"general_information":["Denominación del alimento: Bebida refrescante de zumo de frutas (27% zumo).","Nombre del operador: Elaborado para el Corte Inglés por\n AMC JUICES S.L. \nCtra. Madrid-Cartagena km 383 \n30100 Espinardo (Murcia)\nEspaña","Número de raciones por envase: 5.0"],"ingredients":[" Ingredientes: Agua, zumo de arándano a base de concentrado (24%), jarabe de glucosa-fructosa, azúcar, puré de arándano (3%), corrector de acidez: ácido cítrico, antioxidante: ácido ascórbico."],"conservation":" Una vez abierto, conservar refrigerado y consumir en un plazo de 4 días","ean":"8433329017916"},{"full_name":"GRANINI néctar de cóctel de frutas botella 1,5 l","name":"néctar de cóctel de frutas botella 1,5 l","brand":"GRANINI ","img":"https://sgfm.elcorteingles.es/SGFM/00/76/4/0118633600764/0118633600764000g01011.jpg","price":"2,95 €            ","price_unit":"(0 € / Litro)","categories":["Supermercado","Bebidas","Agua, Refrescos y Zumos","Zumos y néctares","Zumos y néctares diversos","GRANINI néctar de cóctel de frutas botella 1,5 l"],"general_information":["Denominación del alimento: Néctar de 9 frutas hecho parcialmente a partir de concentrado con 10 vitaminas","Nombre del operador: Eckes-Granini Ibérica, S.A.U.","Dirección del operador: Avda Diagonal, nº 514, 1er piso, puerta 1,2. 08006, Barcelona, Spain","Cantidad Neta: 1.5 Litros"],"ingredients":[" agua, zumo de frutas concentrado de manzana, naranja, pera, maracuyá, piña, azúcar, puré de plátano, melocotón, ciruela, pera y mango, acidulante: ácido cítrico, vitamin C, niacina, vitamina E, ácido pantoténico, betacaroteno, vitaminas B6,B2,B1, ácido fólico, biotina y vitamina B12."],"conservation":" Una vez abierto conservar en el frigorífico y consumir en 3-4 días.","ean":"8431707000703"},{"full_name":"GRANINI néctar de cóctel de frutas multivitaminas botella 1 l","name":"néctar de cóctel de frutas multivitaminas botella 1 l","brand":"GRANINI ","img":"https://sgfm.elcorteingles.es/SGFM/00/40/0/0118633600400/0118633600400000g01011.jpg","price":"1,99 €","price_unit":"(1,99 € / Litro)","categories":["Supermercado","Bebidas","Agua, Refrescos y Zumos","Zumos y néctares","Zumos y néctares diversos","GRANINI néctar de cóctel de frutas multivitaminas botella 1 l"],"general_information":["Denominación del alimento: Néctar de 9 frutas hecho parcialmente a partir de concentrado con 10 vitaminas","Nombre del operador: Eckes-Granini Ibérica, S.A.U.","Dirección del operador: Avda Diagonal, nº 514, 1er piso, puerta 1,2. 08006, Barcelona, Spain","Cantidad Neta: 1 Litros"],"ingredients":[" agua, zumo de frutas concentrado de manzana, naranja, pera, maracuyá, piña, azúcar, puré de plátano, melocotón, ciruela, pera y mango, acidulante: ácido cítrico, vitamin C, niacina, vitamina E, ácido pantoténico, betacaroteno, vitaminas B6,B2,B1, ácido fólico, biotina y vitamina B12."],"conservation":" Una vez abierto conservar en el frigorífico y consumir en 3-4 días.","ean":"4002160092273"},{"full_name":"GRANINI néctar de pera botella 1 l","name":"néctar de pera botella 1 l","brand":"GRANINI ","img":"https://sgfm.elcorteingles.es/SGFM/00/45/9/0118633600459/0118633600459000g01011.jpg","price":"1,99 €","price_unit":"(1,99 € / Litro)","categories":["Supermercado","Bebidas","Agua, Refrescos y Zumos","Zumos y néctares","Zumos y néctares diversos","GRANINI néctar de pera botella 1 l"],"general_information":["Denominación del alimento: Néctar de pera hecho parcialmente a partir de concentrado","Nombre del operador: Eckes-Granini Ibérica, S.A.U.","Dirección del operador: Avda Diagonal, nº 514, 1er piso, puerta 1,2. 08006, Barcelona, Spain","Cantidad Neta: 1 Litros"],"ingredients":[" agua, zumo de pera a partir de zumo de pera concentrado (34%), puré de pera (26%), azúcar, zumo de limón a partir de concentrado, antioxidante: ácido ascórbico"],"conservation":" Una vez abierto conservar en el frigorífico y consumir en 3-4 días.","ean":"4002160092907"},{"full_name":"GRANINI néctar de arándanos rojos botella 1 l","name":"néctar de arándanos rojos botella 1 l","brand":"GRANINI ","img":"https://sgfm.elcorteingles.es/SGFM/03/60/2/0118633603602/0118633603602000g01011.jpg","price":"1,99 €","price_unit":"(1,99 € / Litro)","categories":["Supermercado","Bebidas","Agua, Refrescos y Zumos","Zumos y néctares","Zumos y néctares diversos","GRANINI néctar de arándanos rojos botella 1 l"],"general_information":["Denominación del alimento: Bebida de arándanos rojo a partir de concentrado con vitamina E","Nombre del operador: Eckes-Granini Ibérica, S.A.U.","Dirección del operador: Avda Diagonal, nº 514, 1er piso, puerta 1,2. 08006, Barcelona, Spain","Cantidad Neta: 1 Litros"],"ingredients":[" agua, zumo de arándanos a partir de zumo de arándanos concentrado (14%), azúcar, zumo de limón concentrado y zumo de sauco concentrado, vitamina E"],"conservation":" Una vez abierto conservar en el frigorífico y consumir en 3-4 días.","ean":"8431707000635"},{"full_name":"GRANINI néctar de zanahoria y naranja botella 1,5 l","name":"néctar de zanahoria y naranja botella 1,5 l","brand":"GRANINI ","img":"https://sgfm.elcorteingles.es/SGFM/dctm/MEDIA03/201602/23/00118633604238____2__600x600.jpg","price":"2,89 €            ","price_unit":"(1,91 € / Litro)","categories":["Supermercado","Bebidas","Agua, Refrescos y Zumos","Zumos y néctares","Zumos y néctares diversos","GRANINI néctar de zanahoria y naranja botella 1,5 l"],"general_information":["Denominación del alimento: Bebida de Naranja-Zanahoria parcialmente hecho a partir de concentrado con vitamina A, C y E, azúcar y edulcorante: extracto de la hoja de Stevia.","Nombre del operador: Eckes-Granini Ibérica, S.A.U.","Dirección del operador: Avda Diagonal, nº 514, 1er piso, puerta 1,2. 08006, Barcelona, Spain","Cantidad Neta: 1.5 Litros"],"ingredients":[" agua, zumo de naranja a partir de concentrado (23%), puré de zanahoria (14%), zumo de zanahoria a partir de zumo de zanahoria concentrado (10%), azúcar, pulpa de naranja (2%), zumo de limón a partir de concentrado, vitamina C, E y betacaroteno, edulcorante: glucósidos de esteviol, aroma natural."],"conservation":" Una vez abierto conservar en el frigorífico y consumir en 3-4 días.","ean":"8431707039895"},{"full_name":"GRANINI néctar naranja y zanahoria botella 1 l","name":"néctar naranja y zanahoria botella 1 l","brand":"GRANINI ","img":"https://sgfm.elcorteingles.es/SGFM/00/44/2/0118633600442/0118633600442000g01011.jpg","price":"1,99 €","price_unit":"(1,99 € / Litro)","categories":["Supermercado","Bebidas","Agua, Refrescos y Zumos","Zumos y néctares","Zumos y néctares diversos","GRANINI néctar naranja y zanahoria botella 1 l"],"general_information":["Denominación del alimento: Bebida de Naranja-Zanahoria parcialmente hecho a partir de concentrado con vitamina A, C y E, azúcar y edulcorante: extracto de la hoja de Stevia.","Nombre del operador: Eckes-Granini Ibérica, S.A.U.","Dirección del operador: Avda Diagonal, nº 514, 1er piso, puerta 1,2. 08006, Barcelona, Spain","Cantidad Neta: 1.25 Litros"],"ingredients":[" agua, zumo de naranja a partir de concentrado (23%), puré de zanahoria (14%), zumo de zanahoria a partir de zumo de zanahoria concentrado (10%), azúcar, pulpa de naranja (2%), zumo de limón a partir de concentrado, vitamina C, E y betacaroteno, edulcorante: glucósidos de esteviol, aroma natural."],"conservation":" Una vez abierto conservar en el frigorífico y consumir en 3-4 días.","ean":"8431707039901"},{"full_name":"GRANINI néctar naranja y zanahoria botella 33 cl","name":"néctar naranja y zanahoria botella 33 cl","brand":"GRANINI ","img":"https://sgfm.elcorteingles.es/SGFM/dctm/MEDIA03/201705/09/00200533605200____2__600x600.jpg","price":"1,00 €","price_unit":"(303,03 € / Litro)","categories":["Supermercado","Bebidas","Agua, Refrescos y Zumos","Zumos y néctares","Zumos y néctares diversos","GRANINI néctar naranja y zanahoria botella 33 cl"],"general_information":["Denominación del alimento: Bebida de Naranja-Zanahoria parcialmente hecho a partir de concentrado con vitamina A, C y E, azúcar y edulcorante: extracto de la hoja de Stevia.","Nombre del operador: Eckes-Granini Ibérica, S.A.U.","Dirección del operador: Avda Diagonal, nº 514, 1er piso, puerta 1,2. 08006, Barcelona, Spain","Cantidad Neta: 0.33 Litros"],"ingredients":[" agua, zumo de naranja a partir de concentrado (23%), puré de zanahoria (14%), zumo de zanahoria a partir de zumo de zanahoria concentrado (10%), azúcar, pulpa de naranja (2%), zumo de limón a partir de concentrado, vitamina C, E y betacaroteno, edulcorante: glucósidos de esteviol, aroma natural."],"conservation":" Una vez abierto conservar en el frigorífico y consumir en 3-4 días.","ean":"8431707113588"},{"full_name":"GRANINI néctar de pomelo rosa botella 1 l","name":"néctar de pomelo rosa botella 1 l","brand":"GRANINI ","img":"https://sgfm.elcorteingles.es/SGFM/02/64/6/0118633602646/0118633602646000g01011.jpg","price":"1,99 €","price_unit":"(1,99 € / Litro)","categories":["Supermercado","Bebidas","Agua, Refrescos y Zumos","Zumos y néctares","Zumos y néctares diversos","GRANINI néctar de pomelo rosa botella 1 l"],"general_information":["Denominación del alimento: Néctar de Pomelo Rosa hecho a partir de concentrado","Nombre del operador: Eckes-Granini Ibérica, S.A.U.","Dirección del operador: Avda Diagonal, nº 514, 1er piso, puerta 1,2. 08006, Barcelona, Spain","Cantidad Neta: 1 Litros"],"ingredients":[" zumo de pomelo rosa a partir de zumo de pomelo rosa concentrado (52%), agua, azúcar, pulpa de pomelo (3%), vitamina C."],"conservation":" Una vez abierto conservar en el frigorífico y consumir en 3-4 días.","ean":"4002160092976"},{"full_name":"GRANINI néctar de granada botella 1 l","name":"néctar de granada botella 1 l","brand":"GRANINI ","img":"https://sgfm.elcorteingles.es/SGFM/dctm/MEDIA02/CONTENIDOS/201409/05/00118633603933____1__600x600.jpg","price":"1,99 €","price_unit":"(0 € / Litro)","categories":["Supermercado","Bebidas","Agua, Refrescos y Zumos","Zumos y néctares","Zumos y néctares diversos","GRANINI néctar de granada botella 1 l"],"general_information":["Denominación del alimento: Bebida de granada- manzana a partir de concentrado con vitamina E , azúcar y  edulcorante: extracto de la hoja de Stevia.","Nombre del operador: Eckes-Granini Ibérica, S.A.U.","Dirección del operador: Avda Diagonal, nº 514, 1er piso, puerta 1,2. 08006, Barcelona, Spain","Cantidad Neta: 1 Litros"],"ingredients":[" agua, zumo de granada a partir de concentrado (13%), zumo de manzana a partir de concentrado (7%), puré de manzana (5%), azúcar, zumo de sauco a partir de concentrado, zumo de limón a partir de concentrado, aroma natural, edulcorante: glucósidos de esteviol, vitamina E."],"conservation":" Una vez abierto conservar en el frigorífico y consumir en 3-4 días.","ean":"8431707020053"},{"full_name":"GRANINI néctar de piña y coco botella 1 l","name":"néctar de piña y coco botella 1 l","brand":"GRANINI ","img":"https://sgfm.elcorteingles.es/SGFM/dctm/MEDIA02/CONTENIDOS/201409/05/00118633603941____1__600x600.jpg","price":"1,99 €","price_unit":"(1,99 € / Litro)","categories":["Supermercado","Bebidas","Agua, Refrescos y Zumos","Zumos y néctares","Zumos y néctares diversos","GRANINI néctar de piña y coco botella 1 l"],"general_information":["Denominación del alimento: Bebida de Piña-Coco","Nombre del operador: Eckes-Granini Ibérica, S.A.U.","Dirección del operador: Avda Diagonal, nº 514, 1er piso, puerta 1,2. 08006, Barcelona, Spain","Cantidad Neta: 1 Litros"],"ingredients":[" agua, zumo de piña a partir de concentrado (35%), azúcar, agua de coco a partir de concentrado(5%), zumo de limón a partir de concentrado, estabilizante: pectina, aroma natural, antioxidante: ácido ascórbico."],"conservation":" Una vez abierto conservar en el frigorífico y consumir en 3-4 días.","ean":"8431707020046"},{"full_name":"GRANINI Light néctar de frutos rojos endulzado con Stevia botella 1 l","name":"Light néctar de frutos rojos endulzado con Stevia botella 1 l","brand":"GRANINI ","img":"https://sgfm.elcorteingles.es/SGFM/dctm/MEDIA03/201705/23/00118633604501____1__600x600.jpg","price":"1,99 €","price_unit":"(1,99 € / Litro)","categories":["Supermercado","Bebidas","Agua, Refrescos y Zumos","Zumos y néctares","Zumos y néctares diversos","GRANINI Light néctar de frutos rojos endulzado con Stevia botella 1 l"],"general_information":["Denominación del alimento: Bebida de multifrutas hecha parcialmente a partir de concentrado con edulcorante; con extracto de la hoja de Stevia, magnesio y vitaminas B6 y B12.","Nombre del operador: Eckes-Granini Ibérica, S.A.U.","Dirección del operador: Avda Diagonal, nº 514, 1er piso, puerta 1,2. 08006, Barcelona, Spain","Cantidad Neta: 1 Litros"],"ingredients":[" Zumo de multifrutas a partir de concentrado: (manzana (27%), uva roja (10%), arándanos (4%), granada (3%), zanahoria negra (1,3%)), agua, puré de manzana (5%), acidificante: ácido cítrico, carbonato de magnesio, estabilizante: pectina, aroma natural, edulcorante: glucósidos de esteviol, vitamina B6, vitamina B12."],"conservation":" Una vez abierto conservar en el frigorífico y consumir en 3-4 días.","ean":"8431707046350"},{"full_name":"JUVER DISFRUTA néctar pera y piña sin azúcar envase 2 l","name":"néctar pera y piña sin azúcar envase 2 l","brand":"JUVER DISFRUTA ","img":"https://sgfm.elcorteingles.es/SGFM/00/35/0/0118633600350/0118633600350000g01011.jpg","price":"2,29 €","price_unit":"(1,14 € / Litro)","categories":["Supermercado","Bebidas","Agua, Refrescos y Zumos","Zumos y néctares","Zumos y néctares diversos","JUVER DISFRUTA néctar pera y piña sin azúcar envase 2 l"],"general_information":["Denominación del alimento: Bebida refrescante de zumo de pera y piña parcialmente a partir de concentrado con edulcorantes. Sin azúcares añadidos. Contiene los azúcares naturalmente presentes en la fruta. Contenido en zumo: 44% mínimo.","País de origen: España","Nombre del operador: Juver Alimentación S.L.U.","Dirección del operador: C/Julio Cortazar, 46 - 30110 Murcia","Cantidad Neta: 2 Litros"],"ingredients":[" Agua, puré de pera (22%), zumo de pera a partir de concentrado (17%), zumo de piña a partir de concentrado (5%), acidulante (ácido cítrico), antioxidante (ácido L-ascórbico), edulcorantes (Sucralosa y Acesulfamo-K) y aroma natural."],"conservation":" Mantener en lugar fresco y seco. Una vez abierto se debe conservar en el frigorífico y consumir antes de 3 días.","ean":"8410707159451"},{"full_name":"JUVER DISFRUTA néctar de 10 frutas 10 vitaminas sin azúcares añadidos envase 2 l","name":"néctar de 10 frutas 10 vitaminas sin azúcares añadidos envase 2 l","brand":"JUVER DISFRUTA ","img":"https://sgfm.elcorteingles.es/SGFM/00/19/4/0118633600194/0118633600194000g01011.jpg","price":"2,29 €","price_unit":"(1,14 € / Litro)","categories":["Supermercado","Bebidas","Agua, Refrescos y Zumos","Zumos y néctares","Zumos y néctares diversos","JUVER DISFRUTA néctar de 10 frutas 10 vitaminas sin azúcares añadidos envase 2 l"],"general_information":["Denominación del alimento: Bebida Refrescante de zumo de 10 frutas y 10 vitaminas parcialmente a partir de concentrado con edulcorantes. Sin azúcares añadidos. Contiene los azúcares naturalmente presentes en la fruta. Contenido en fruta: 50% mínimo","País de origen: España","Nombre del operador: Juver Alimentación S.L.U.","Dirección del operador: C/Julio Cortazar, 46 - 30110 Murcia","Cantidad Neta: 2 Litros"],"ingredients":[" Zumo de frutas parcialmente a partir de concentrado (50%) (manzana, melocotón, uva, piña, pera, plátano, mango, naranja, guayaba y maracuya, en proporcion variable), agua, acidulante (acido citrico), edulcorantes (sucralosa, acesulfamo-K y neohesperidina DC), 10 vitamonas y aroma natural."],"conservation":" Mantener en lugar fresco y seco. Una vez abierto se debe conservar en el frigorífico y consumir antes de 3 días.","ean":"8410707175451"},{"full_name":"JUVER DISFRUTA néctar de 10 frutas con 10 vitaminas sin azúcar pack 6 envases 200 ml","name":"néctar de 10 frutas con 10 vitaminas sin azúcar pack 6 envases 200 ml","brand":"JUVER DISFRUTA ","img":"https://sgfm.elcorteingles.es/SGFM/03/07/3/0118633603073/0118633603073000g01011.jpg","price":"2,21 €","price_unit":"(1,84 € / Litro)","categories":["Supermercado","Bebidas","Agua, Refrescos y Zumos","Zumos y néctares","Zumos y néctares diversos","JUVER DISFRUTA néctar de 10 frutas con 10 vitaminas sin azúcar pack 6 envases 200 ml"],"general_information":["Denominación del alimento: Bebida Refrescante de zumo de 10 frutas y 10 vitaminas parcialmente a partir de concentrado con edulcorantes. Sin azúcares añadidos. Contiene los azúcares naturalmente presentes en la fruta. Contenido en fruta: 50% mínimo","País de origen: España","Nombre del operador: Juver Alimentación S.L.U.","Dirección del operador: C/Julio Cortazar, 46 - 30110 Murcia","Cantidad Neta: 1200 Mililitros"],"ingredients":[" Zumo de frutas parcialmente a partir de concentrado (50%) (manzana, melocotón, uva, piña, pera, plátano, mango, naranja, guayaba y maracuya, en proporcion variable), agua, acidulante (acido citrico), edulcorantes (sucralosa, acesulfamo-K y neohesperidina DC), 10 vitamonas y aroma natural."],"conservation":" Mantener en lugar fresco y seco. Una vez abierto se debe conservar en el frigorífico y consumir antes de 3 días.","ean":"8410707000296"},{"full_name":"JUVER DISFRUTA Exótico néctar de frutos rojos sin azúcares añadidos envase 1 l","name":"Exótico néctar de frutos rojos sin azúcares añadidos envase 1 l","brand":"JUVER DISFRUTA ","img":"https://sgfm.elcorteingles.es/SGFM/03/61/0/0118633603610/0118633603610000g01011.jpg","price":"1,16 €","price_unit":"(1,16 € / Litro)","categories":["Supermercado","Bebidas","Agua, Refrescos y Zumos","Zumos y néctares","Zumos y néctares diversos","JUVER DISFRUTA Exótico néctar de frutos rojos sin azúcares añadidos envase 1 l"],"general_information":["Denominación del alimento: Bebida Refrescante de zumo de frutos rojos y manzana a partir de concentrado con edulcorantes. Contenido en zumo: 33% mínimo.","País de origen: España","Nombre del operador: Juver Alimentacion S.L.U.","Dirección del operador: C/Julio Cortazar, 46 - 30110 Murcia","Cantidad Neta: 1000 Mililitros"],"ingredients":[" Agua, zumo de frutas a partir de concentrado (33%) (uva, manzana, fresa, frambuesa y grosella, en proporción variable), acidulante (ácido cítrico), sauco y aronia concentrados, edulcorantes (Sucralosa y acesulfame-K)"],"conservation":" Mantener en lugar fresco y seco. Una vez abierto se debe conservar en el frigorífico y consumir antes de 3 días.","ean":"8410707001255"},{"full_name":"JUVER DISFRUTA Exótico néctar de piña y coco sin azúcares envase 1 l","name":"Exótico néctar de piña y coco sin azúcares envase 1 l","brand":"JUVER DISFRUTA ","img":"https://sgfm.elcorteingles.es/SGFM/03/62/8/0118633603628/0118633603628000g01011.jpg","price":"1,16 €","price_unit":"(1,16 € / Litro)","categories":["Supermercado","Bebidas","Agua, Refrescos y Zumos","Zumos y néctares","Zumos y néctares diversos","JUVER DISFRUTA Exótico néctar de piña y coco sin azúcares envase 1 l"],"general_information":["Denominación del alimento: Bebida Refrescante de Zumo de piña y coco a partir de concentrado con edulcorantes. Contenido en zumo: 35% mínimo.","País de origen: España","Nombre del operador: Juver Alimentacion S.L.U.","Dirección del operador: C/Julio Cortazar, 46 - 30110 Murcia","Cantidad Neta: 1000 Mililitros"],"ingredients":[" Agua, zumo de piña a partir de concentrado (35%), extracto de coco (1%), acidulante (ácido cítrico), estabilizante (pectina), aroma, antioxidante (ácido L-ascórbico) y edulcorantes (Sucralosa y Acesulfame-K)."],"conservation":" Mantener en lugar fresco y seco. Una vez abierto se debe conservar en el frigorífico y consumir antes de 3 días.","ean":"8410707001262"},{"full_name":"JUVER DISFRUTA Exótico néctar de maracuyá sin azúcares añadidos envase 1 l","name":"Exótico néctar de maracuyá sin azúcares añadidos envase 1 l","brand":"JUVER DISFRUTA ","img":"https://sgfm.elcorteingles.es/SGFM/03/63/6/0118633603636/0118633603636000g01011.jpg","price":"1,16 €","price_unit":"(1,16 € / Litro)","categories":["Supermercado","Bebidas","Agua, Refrescos y Zumos","Zumos y néctares","Zumos y néctares diversos","JUVER DISFRUTA Exótico néctar de maracuyá sin azúcares añadidos envase 1 l"],"general_information":["Denominación del alimento: Bebida Refrescante de Zumo de Uva y Maracuyá a partir de concentrado con edulcorantes. Sin azúcares añadidos contiene los azúcares presentes en la fruta.","País de origen: España","Nombre del operador: Juver Alimentacion S.L.U.","Dirección del operador: C/Julio Cortazar, 46 - 30110 Murcia","Cantidad Neta: 1000 Mililitros"],"ingredients":[" Agua, zumo de uva a partir de concentrado (24%), zumo de maracuyá a partir de concentrado (6%), antioxidante (ácido L-ascórbico), edulcorantes (sucralosa y acesulfame-K) y aroma."],"conservation":" Mantener en lugar fresco y seco. Una vez abierto se debe conservar en el frigorífico y consumir antes de 3 días.","ean":"8410707001279"},{"full_name":"JUVER DISFRUTA Exótico néctar de mango sin azúcares añadidos envase 1 l","name":"Exótico néctar de mango sin azúcares añadidos envase 1 l","brand":"JUVER DISFRUTA ","img":"https://sgfm.elcorteingles.es/SGFM/03/64/4/0118633603644/0118633603644000g01011.jpg","price":"1,16 €","price_unit":"(1,16 € / Litro)","categories":["Supermercado","Bebidas","Agua, Refrescos y Zumos","Zumos y néctares","Zumos y néctares diversos","JUVER DISFRUTA Exótico néctar de mango sin azúcares añadidos envase 1 l"],"general_information":["Denominación del alimento: Bebida refrescante de zumo de mango a partir de concentrado con edulcorantes. Sin azúcares añadidos. Contiene los azúcares naturalmente presentes en la fruta. Contenido en zumo: 25% mínimo.","País de origen: España","Nombre del operador: Juver Alimentacion S.L.U.","Dirección del operador: C/Julio Cortazar, 46 - 30110 Murcia","Cantidad Neta: 1000 Mililitros"],"ingredients":[" Agua, zumo de mango a partir de concentrado (25%), acidulante (ácido cítrico), antioxidante (ácido L-ascórbico), edulcorantes (Sucralosa y acesulfamo-K) y aroma."],"conservation":" Mantener en lugar fresco y seco. Una vez abierto se debe conservar en el frigorífico y consumir antes de 3 días.","ean":"8410707001286"},{"full_name":"JUVER DISFRUTA néctar de mango y manzana sin azúcares añadidos envase 2 l","name":"néctar de mango y manzana sin azúcares añadidos envase 2 l","brand":"JUVER DISFRUTA ","img":"https://sgfm.elcorteingles.es/SGFM/dctm/MEDIA02/CONTENIDOS/201509/10/00118633604121____1__600x600.jpg","price":"2,29 €","price_unit":"(1,14 € / Litro)","categories":["Supermercado","Bebidas","Agua, Refrescos y Zumos","Zumos y néctares","Zumos y néctares diversos","JUVER DISFRUTA néctar de mango y manzana sin azúcares añadidos envase 2 l"],"general_information":["Denominación del alimento: Bebida Refrescante de zumo de mango y manzana a partir de concentrado con edulcorantes","País de origen: España","Nombre del operador: Juver Alimentación S.L.U.","Dirección del operador: C/Julio Cortazar, 46 - 30110 Murcia","Cantidad Neta: 2 Litros"],"ingredients":[" Agua, zumo de mango a partir de concentrado (25%), zumo de manzana a partir de concentrado (10%), acidulante (acido citrico), antioxidante (acido L-ascorbico), edulcorantes (sucralosa y acesulfame-K) y aroma."],"conservation":" Mantener en lugar fresco y seco. Una vez abierto se debe conservar en el frigorífico y consumir antes de 3 días.","ean":"8410707002085"},{"full_name":"JUVER DISFRUTA zumo de pera y piña sin azucares añadidos pack 6 envase 200 ml","name":"zumo de pera y piña sin azucares añadidos pack 6 envase 200 ml","brand":"JUVER DISFRUTA ","img":"https://sgfm.elcorteingles.es/SGFM/03/82/6/0118633603826/0118633603826000g01011.jpg","price":"2,21 €","price_unit":"(11,05 € / Litro)","categories":["Supermercado","Bebidas","Agua, Refrescos y Zumos","Zumos y néctares","Zumos y néctares diversos","JUVER DISFRUTA zumo de pera y piña sin azucares añadidos pack 6 envase 200 ml"],"general_information":["Denominación del alimento: Bebida refrescante de zumo de pera y piña parcialmente a partir de concentrado con edulcorantes. Sin azúcares añadidos. Contiene los azúcares naturalmente presentes en la fruta. Contenido en zumo: 44% mínimo.","País de origen: España","Nombre del operador: Juver Alimentación S.L.U.","Dirección del operador: C/Julio Cortazar, 46 - 30110 Murcia","Cantidad Neta: 1200 Mililitros"],"ingredients":[" Agua, puré de pera (22%), zumo de pera a partir de concentrado (17%), zumo de piña a partir de concentrado (5%), acidulante (ácido cítrico), antioxidante (ácido L-ascórbico), edulcorantes (Sucralosa y Acesulfamo-K) y aroma natural."],"conservation":" Mantener en lugar fresco y seco. Una vez abierto se debe conservar en el frigorífico y consumir antes de 3 días.","ean":"8410707159376"},{"full_name":"JUVER 100% zumo multifrutas pacl 3 envases 200 ml","name":"100% zumo multifrutas pacl 3 envases 200 ml","brand":"JUVER ","img":"https://sgfm.elcorteingles.es/SGFM/dctm/MEDIA03/201612/27/00200556702066____1__600x600.jpg","price":"1,31 €","price_unit":"(2,18 € / Litro)","categories":["Supermercado","Bebidas","Agua, Refrescos y Zumos","Zumos y néctares","Zumos y néctares diversos","JUVER 100% zumo multifrutas pacl 3 envases 200 ml"],"general_information":["Denominación del alimento: Zumo multifrutas parcialmente a partir de concentrado","País de origen: España","Nombre del operador: Juver Alimentacion S.L.U.","Dirección del operador: C/Julio Cortazar, 46 - 30110 Murcia","Cantidad Neta: 600 Mililitros"],"ingredients":[" Zumo de frutas parcialmente a partir de concentrado (piña, melocoton, mandarina, manzana, pera, uva y naranja en proporción variable) y vitamina C"],"conservation":" Mantener en lugar fresco y seco. Una vez abierto se debe conservar en el frigorífico y consumir antes de 3 días.","ean":"8410707001897"},{"full_name":"JUVER 100% zumo concentrado de multifrutas  con Vitamina C envase 2 l","name":"100% zumo concentrado de multifrutas  con Vitamina C envase 2 l","brand":"JUVER ","img":"https://sgfm.elcorteingles.es/SGFM/dctm/MEDIA02/CONTENIDOS/201509/10/00118656701838____1__600x600.jpg","price":"2,29 €","price_unit":"(1,14 € / Litro)","categories":["Supermercado","Bebidas","Agua, Refrescos y Zumos","Zumos y néctares","Zumos y néctares diversos","JUVER 100% zumo concentrado de multifrutas  con Vitamina C envase 2 l"],"general_information":["Denominación del alimento: Zumo multifrutas parcialmente a partir de concentrado","País de origen: España","Nombre del operador: Juver Alimentacion S.L.U.","Dirección del operador: C/Julio Cortazar, 46 - 30110 Murcia","Cantidad Neta: 2000 Mililitros"],"ingredients":[" Zumo de frutas parcialmente a partir de concentrado (piña, melocoton, mandarina, manzana, pera, uva y naranja en proporción variable) y vitamina C"],"conservation":" Mantener en lugar fresco y seco. Una vez abierto se debe conservar en el frigorífico y consumir antes de 3 días.","ean":"8410707002528"},{"full_name":"WE SQUEEZE Fresón de Palos bebida refrescante de zumo de frutas envase 1 l","name":"Fresón de Palos bebida refrescante de zumo de frutas envase 1 l","brand":"WE SQUEEZE ","img":"https://sgfm.elcorteingles.es/SGFM/dctm/MEDIA03/201608/12/00118657201077____1__600x600.jpg","price":"1,85 €","price_unit":"(1,85 € / Litro)","categories":["Supermercado","Bebidas","Agua, Refrescos y Zumos","Zumos y néctares","Zumos y néctares diversos","WE SQUEEZE Fresón de Palos bebida refrescante de zumo de frutas envase 1 l"],"general_information":["Denominación del alimento: Bebida refrescante de zumo de frutas: contenido de zumo: 56%","País de origen: España","Nombre del operador: AMC JUICES S.L.","Dirección del operador: Ctra. Madrid-Cartagena , km 383. 30100 Espinardo-Murcia","Cantidad Neta: 1 Litros"],"ingredients":[],"conservation":" Una vez abierto conservar refrigerado y consumir en 4 días.","ean":"8410171008231"},{"full_name":"WE SQUEEZE Sandía Fashion bebida refrescante de zumo de frutas envase 1 l","name":"Sandía Fashion bebida refrescante de zumo de frutas envase 1 l","brand":"WE SQUEEZE ","img":"https://sgfm.elcorteingles.es/SGFM/dctm/MEDIA03/201608/12/00118657201085____1__600x600.jpg","price":"1,85 €","categories":["Supermercado","Bebidas","Agua, Refrescos y Zumos","Zumos y néctares","Zumos y néctares diversos","WE SQUEEZE Sandía Fashion bebida refrescante de zumo de frutas envase 1 l"],"general_information":["Denominación del alimento: Bebida refrescante de zumo de frutas. Contenido de zumo: 54%","País de origen: España","Nombre del operador: AMC JUICES S.L.","Dirección del operador: Ctra. Madrid-Cartagena , km 383. 30100 Espinardo-Murcia","Cantidad Neta: 1 Litros"],"ingredients":[],"conservation":" Una vez abierto conservar refrigerado y consumir en 4 días.","ean":"8410171008248"},{"full_name":"WE SQUEEZE Plátano Cavendish bebida refrescante de zumo de frutas envase 1 l","name":"Plátano Cavendish bebida refrescante de zumo de frutas envase 1 l","brand":"WE SQUEEZE ","img":"https://sgfm.elcorteingles.es/SGFM/dctm/MEDIA03/201608/12/00118657201093____1__600x600.jpg","price":"1,85 €","price_unit":"(1,85 € / Litro)","categories":["Supermercado","Bebidas","Agua, Refrescos y Zumos","Zumos y néctares","Zumos y néctares diversos","WE SQUEEZE Plátano Cavendish bebida refrescante de zumo de frutas envase 1 l"],"general_information":["Denominación del alimento: Néctar de plátano Cavendish. Contenido de fruta: mínimo 25%","País de origen: España","Nombre del operador: AMC JUICES S.L.","Dirección del operador: Ctra. Madrid-Cartagena , km 383. 30100 Espinardo-Murcia","Cantidad Neta: 1 Litros"],"ingredients":[],"conservation":" Una vez abierto conservar refrigerado y consumir en 4 días.","ean":"8410171008262"},{"full_name":"WE SQUEEZE Pera Williams bebida refrescante de zumo de frutas envase 1 l","name":"Pera Williams bebida refrescante de zumo de frutas envase 1 l","brand":"WE SQUEEZE ","img":"https://sgfm.elcorteingles.es/SGFM/dctm/MEDIA03/201703/06/00118657201135____1__600x600.jpg","price":"1,85 €","price_unit":"(1,85 € / Litro)","categories":["Supermercado","Bebidas","Agua, Refrescos y Zumos","Zumos y néctares","Zumos y néctares diversos","WE SQUEEZE Pera Williams bebida refrescante de zumo de frutas envase 1 l"],"general_information":["Denominación del alimento: Bebida refrescante de zumo de pera. Contenido de zumo: 40%.","País de origen: España","Nombre del operador: AMC JUICES S.L.","Dirección del operador: Ctra. Madrid-Cartagena , km 383. 30100 Espinardo (Murcia) ESPAÑA","Cantidad Neta: 1 Litros"],"ingredients":[" Agua, puré de pera Williams (40%), azúcar, corrector de acidez: ácido cítrico, antioxidante: ácido ascórbico."],"conservation":" Una vez abierto conservar refrigerado y consumir en 4 días.","ean":"8410171009146"},{"full_name":"WE SQUEEZE Melón piel de sapo bebida refrescante de zumo de frutas envase 1 l","name":"Melón piel de sapo bebida refrescante de zumo de frutas envase 1 l","brand":"WE SQUEEZE ","img":"https://sgfm.elcorteingles.es/SGFM/dctm/MEDIA03/201710/17/00118657201176____1__600x600.jpg","price":"1,85 €","price_unit":"(1,85 € / Litro)","categories":["Supermercado","Bebidas","Agua, Refrescos y Zumos","Zumos y néctares","Zumos y néctares diversos","WE SQUEEZE Melón piel de sapo bebida refrescante de zumo de frutas envase 1 l"],"general_information":["Denominación del alimento: Bebida refrescante de zumo de frutas. Contenido de zumo: 55%.","País de origen: España","Nombre del operador: AMC JUICES S.L.","Dirección del operador: Ctra. Madrid-Cartagena , km 383. 30100 Espinardo-Murcia","Cantidad Neta: 1 Litros"],"ingredients":[" Agua, puré de meloón (25%), puré de manzana, zumo de manzana, azñucar, corrector de acidez: ácido cítrico, antioxidante: ácido ascóebico, etabilizante: pectina, aroma natural, colorante: complejo cúprico de clorofilinas."],"conservation":" Una vez abierto conservar refrigerado y consumir en 4 días.","ean":"8410171010401"},{"full_name":"WE SQUEEZE INMUNE bebida de fruta de naranja y miel con Equinácea envase 1 l","name":"INMUNE bebida de fruta de naranja y miel con Equinácea envase 1 l","brand":"WE SQUEEZE ","img":"https://sgfm.elcorteingles.es/SGFM/dctm/MEDIA03/201608/12/00118658601531____1__600x600.jpg","price":"1,85 €","price_unit":"(1,85 € / Litro)","categories":["Supermercado","Bebidas","Agua, Refrescos y Zumos","Zumos y néctares","Zumos y néctares diversos","WE SQUEEZE INMUNE bebida de fruta de naranja y miel con Equinácea envase 1 l"],"general_information":["Denominación del alimento: Bebida refrescante de zumo de frutas con miel y equinácea. Contenido de zumo: 50%","País de origen: España","Nombre del operador: AMC JUICES S.L.","Dirección del operador: Ctra. Madrid-Cartagena , km 383. 30100 Espinardo-Murcia","Cantidad Neta: 1 Litros"],"ingredients":[],"conservation":" Una vez abierto conservar refrigerado y consumir en 4 días.","ean":"8410171008309"},{"full_name":"WE SQUEEZE DETOX bebida de fruta de manzana, pepino, alcachofa y pera con Biotina y Zinc envase 1 l","name":"DETOX bebida de fruta de manzana, pepino, alcachofa y pera con Biotina y Zinc envase 1 l","brand":"WE SQUEEZE ","img":"https://sgfm.elcorteingles.es/SGFM/dctm/MEDIA03/201608/12/00118658601515____1__600x600.jpg","price":"1,85 €","price_unit":"(1,85 € / Litro)","categories":["Supermercado","Bebidas","Agua, Refrescos y Zumos","Zumos y néctares","Zumos y néctares diversos","WE SQUEEZE DETOX bebida de fruta de manzana, pepino, alcachofa y pera con Biotina y Zinc envase 1 l"],"general_information":["Denominación del alimento: Bebida refrescante de zumo de frutas y vegetales. Con edulcorante. Contenido de zumo: 44%.","País de origen: España","Nombre del operador: AMC JUICES S.L.","Dirección del operador: Ctra. Madrid-Cartagena , km 383. 30100 Espinardo-Murcia","Cantidad Neta: 1 Litros"],"ingredients":[],"conservation":" Una vez abierto conservar refrigerado y consumir en 4 días.","ean":"8410171008286"},{"full_name":"WE SQUEEZE ZEN bebida de fruta de manzana y pera con tila, melisa y jengibre envase 1 l","name":"ZEN bebida de fruta de manzana y pera con tila, melisa y jengibre envase 1 l","brand":"WE SQUEEZE ","img":"https://sgfm.elcorteingles.es/SGFM/dctm/MEDIA03/201608/12/00118658601549____1__600x600.jpg","price":"1,85 €","price_unit":"(1,85 € / Litro)","categories":["Supermercado","Bebidas","Agua, Refrescos y Zumos","Zumos y néctares","Zumos y néctares diversos","WE SQUEEZE ZEN bebida de fruta de manzana y pera con tila, melisa y jengibre envase 1 l"],"general_information":["Denominación del alimento: Bebida refrescante de zumo de frutas con extracto de tila, melisa y vainilla. Contenido de zumo: 38%.","País de origen: España","Nombre del operador: AMC JUICES S.L.","Dirección del operador: Ctra. Madrid-Cartagena , km 383. 30100 Espinardo-Murcia","Cantidad Neta: 1 Litros"],"ingredients":[],"conservation":" Una vez abierto conservar refrigerado y consumir en 4 días.","ean":"8410171008316"},{"full_name":"WE SQUEEZE ANTIOX bebida de fruta de uva, cereza y granada con Selenio envase 1 l","name":"ANTIOX bebida de fruta de uva, cereza y granada con Selenio envase 1 l","brand":"WE SQUEEZE ","img":"https://sgfm.elcorteingles.es/SGFM/dctm/MEDIA03/201704/10/00118658601564____1__600x600.jpg","price":"1,85 €","price_unit":"(1,85 € / Litro)","categories":["Supermercado","Bebidas","Agua, Refrescos y Zumos","Zumos y néctares","Zumos y néctares diversos","WE SQUEEZE ANTIOX bebida de fruta de uva, cereza y granada con Selenio envase 1 l"],"general_information":["Denominación del alimento: Bebida refrescante de zumo de frutas con selenio. Con edulcorante. Contenido de zumo: 50%","País de origen: España","Nombre del operador: AMC JUICES S.L.","Dirección del operador: Ctra. Madrid-Cartagena , km 383. 30100 Espinardo (Murcia) ESPAÑA","Cantidad Neta: 1 Litros"],"ingredients":[" Agua, zumo de frutas (40%) (uva 25%, cereza8%, granada 5%, grosella), puré de fresa, acidulante: ácido cítrico, aroma natural, sal de selenio, edulcorante: sucralosa."],"conservation":" Una vez abierto conservar refrigerado y consumir en 4 días.","ean":"8410171009375"},{"full_name":"WE SQUEEZE Sport Recovering bebida de fruta tropical con proteina envase 33 cl","name":"Sport Recovering bebida de fruta tropical con proteina envase 33 cl","brand":"WE SQUEEZE ","img":"https://sgfm.elcorteingles.es/SGFM/dctm/MEDIA03/201705/25/00118658601622____6__600x600.jpg","price":"0,99 €","price_unit":"(3 € / Litro)","categories":["Supermercado","Bebidas","Agua, Refrescos y Zumos","Zumos y néctares","Zumos y néctares diversos","WE SQUEEZE Sport Recovering bebida de fruta tropical con proteina envase 33 cl"],"general_information":["Denominación del alimento: Bebida refrescante mixta de zumo de frutas y leche enriquecida en proteínas. Con azúcar y edulcorante. Contenido de zumo: 30%","País de origen: España","Nombre del operador: AMC JUICES S.L.","Dirección del operador: Ctra. Madrid-Cartagena , km 383. 30100 Espinardo (Murcia) ESPAÑA","Cantidad Neta: 330 Mililitros"],"ingredients":[" Agua, zumo de frutas 30% (plátano, piña y manzana), proteína concentrada de suero de leche , leche desnatada, colágeno, azúcar, acidulante: ácido cítrico, estabilizante: pectina, aromas, extracto de cúrcuma, antioxidante: ácido ascórbico, colorante: beta-caroteno, edulcorante: sucralosa."],"conservation":" Una vez abiertoconservar refrigerado y consumir en 4 días","ean":"8410171009177"},{"full_name":"WE SQUEEZE Sport Energy bebida de fruta de manzana y uva con guaraná envase 33 cl","name":"Sport Energy bebida de fruta de manzana y uva con guaraná envase 33 cl","brand":"WE SQUEEZE ","img":"https://sgfm.elcorteingles.es/SGFM/dctm/MEDIA03/201704/10/00118658601614____1__600x600.jpg","price":"0,99 €","price_unit":"(3 € / Litro)","categories":["Supermercado","Bebidas","Agua, Refrescos y Zumos","Zumos y néctares","Zumos y néctares diversos","WE SQUEEZE Sport Energy bebida de fruta de manzana y uva con guaraná envase 33 cl"],"general_information":["Denominación del alimento: Bebida refrescante de zumo de frutas con guaraná y vitaminas. Contenido de zumo: 60%","País de origen: España","Nombre del operador: AMC JUICES S.L.","Dirección del operador: Ctra. Madrid-Cartagena , km 383. 30100 Espinardo (Murcia) ESPAÑA","Cantidad Neta: 330 Mililitros"],"ingredients":[" Zumos de manzana y uva (60%), agua, azúcar, extracto de guaraná, corrector de acidez: ácido cítrico, aromas, colorante: concentrado de manzana, hibiscus y melaza, vitaminas: B6, B12 y C"],"conservation":" Una vez abierto conservar refrigerado y consumir en 4 días.","ean":"8410171009153"},{"full_name":"WE SQUEEZE Sport Hydration limonada isotónica de zumo exprimido con potasio envase 33 cl","name":"Sport Hydration limonada isotónica de zumo exprimido con potasio envase 33 cl","brand":"WE SQUEEZE ","img":"https://sgfm.elcorteingles.es/SGFM/dctm/MEDIA03/201705/25/00118658601630____6__600x600.jpg","price":"0,99 €","price_unit":"(3 € / Litro)","categories":["Supermercado","Bebidas","Agua, Refrescos y Zumos","Zumos y néctares","Zumos y néctares diversos","WE SQUEEZE Sport Hydration limonada isotónica de zumo exprimido con potasio envase 33 cl"],"general_information":["Denominación del alimento: Bebida de aporte de carbohidratos y electrolitos. Con azúcar y edulcorante.","País de origen: España","Nombre del operador: AMC JUICES S.L.","Dirección del operador: Ctra. Madrid-Cartagena , km 383. 30100 Espinardo (Murcia) ESPAÑA","Cantidad Neta: 330 Mililitros"],"ingredients":[" Agua, zumos de limón y lima (11%), azúcares de fruta, fosfato de potasio, citrato de sodio, aromanatural, edulcorante: sucralosa"],"conservation":" Una vez abierto conservar refrigerado y consumir en 4 días.","ean":"8410171009160"},{"full_name":"MINUTE MAID ANTIOX bebida a base de zumo de piña, grosella negra y ciruela a partir de concentrado botella 1 l con extracto de stevia","name":"bebida a base de zumo de piña, grosella negra y ciruela a partir de concentrado botella 1 l","brand":"MINUTE MAID ANTIOX ","img":"https://sgfm.elcorteingles.es/SGFM//00/83/0/0118658600830/0118658600830000g01011.jpg","price":"1,79 €","price_unit":"(1,79 € / Litro)","categories":["Supermercado","Bebidas","Agua, Refrescos y Zumos","Zumos y néctares","Zumos y néctares diversos","MINUTE MAID ANTIOX bebida a base de zumo de piña, grosella negra y ciruela a partir de concentrado botella 1 l con extracto de stevia"],"general_information":["Denominación del alimento: Bebida a base de zumo de frutas a partir de concentrado. con vitamina c. sin azúcares añadidos. con edulcorante.","Nombre del operador: CC European Partners Iberia, S.L.U.","Dirección del operador: C/Ribera del Loira 20-22, 28042 - Madrid (España).","Cantidad Neta: 1 Litros","Otras menciones obligatorias en la etiqueta: 67% zumo de frutas CONTIENE VITAMINA C. La vitamina C contribuye a la protección de las células frente al daño oxidativo. Con extracto de Stevia: dulzor de origen natural. LIGERO Ligero: sin azúcares añadidos. 30% menos de calorías respecto a otras bebidas similares del mercado con azúcares añadidos. Contiene los azúcares naturalmente presentes en los zumos piña, grosella negra y ciruela."],"ingredients":[" 67% zumo de frutas a partir de concentrado (45% piña, 17% grosella negra, 5% ciruela) agua, estabilizante pectina, vitamina C, edulcorante glucósidos de esteviol y aromas."],"conservation":" Proteger de la luz solar. Preservar de olores agresivos. Conservar en lugar limpio, fresco y seco. Conservar en el frigorífico una vez abierto, siendo aconsejable consumir en los 3-4 días siguientes.","ean":"5449000136404"},{"full_name":"MINUTE MAID ANTIOX Bebida a base de zumo de naranja, frambuesa, zanahoria, uva, grosella, acerola botella 1 l a partir de concentrado con extracto de stevia","name":"Bebida a base de zumo de naranja, frambuesa, zanahoria, uva, grosella, acerola botella 1 l","brand":"MINUTE MAID ANTIOX ","img":"https://sgfm.elcorteingles.es/SGFM//00/82/2/0118658600822/0118658600822000g01011.jpg","price":"1,79 €","price_unit":"(1,79 € / Litro)","categories":["Supermercado","Bebidas","Agua, Refrescos y Zumos","Zumos y néctares","Zumos y néctares diversos","MINUTE MAID ANTIOX Bebida a base de zumo de naranja, frambuesa, zanahoria, uva, grosella, acerola botella 1 l a partir de concentrado con extracto de stevia"],"general_information":["Denominación del alimento: Bebida a base de zumo de frutas y zanahoria a partir de concentrado. con vitamina c. sin azúcares añadidos. con edulcorante.","Nombre del operador: CC European Partners Iberia, S.L.U.","Dirección del operador: C/Ribera del Loira 20-22, 28042 - Madrid (España).","Cantidad Neta: 1 Litros","Otras menciones obligatorias en la etiqueta: 67% zumo de frutas CONTIENE VITAMINA C. La vitamina C contribuye a la protección de las células frente al daño oxidativo. Con extracto de Stevia: dulzor de origen natural. Ligero Ligero: sin azúcares añadidos. 30% menos de calorías respecto a otras bebidas similares del mercado con azúcares añadidos. Contiene los azúcares naturalmente presentes en los zumos de frutas y zanahoria."],"ingredients":[" 67% zumo de frutas y zanahoria a partir de concentrado (36% naranja, 15% frambuesa, 8% zanahoria, 5% uva, 2% grosella negra, 1% acerola) agua, extractos de hibisco y zanahoria, aromas, vitamina C, edulcorante glucósidos de esteviol."],"conservation":" Proteger de la luz solar. Preservar de olores agresivos. Conservar en lugar limpio, fresco y seco. Conservar en el frigorífico una vez abierto, siendo aconsejable consumir en los 3-4 días siguientes.","ean":"5449000136398"},{"full_name":"MINUTE MAID ANTIOX Bebida a base de zumo de manzana, uva y kiwi a partir de concentrado con vitamina C botella 1 l","name":"Bebida a base de zumo de manzana, uva y kiwi a partir de concentrado con vitamina C botella 1 l","brand":"MINUTE MAID ANTIOX ","img":"https://sgfm.elcorteingles.es/SGFM/dctm/MEDIA03/201607/08/00118658600913____2__600x600.jpg","price":"1,79 €","price_unit":"(1,79 € / Litro)","categories":["Supermercado","Bebidas","Agua, Refrescos y Zumos","Zumos y néctares","Zumos y néctares diversos","MINUTE MAID ANTIOX Bebida a base de zumo de manzana, uva y kiwi a partir de concentrado con vitamina C botella 1 l"],"general_information":["Denominación del alimento: Bebida a base de zumo de frutas a partir de concentrado. con vitamina c.","Nombre del operador: CC European Partners Iberia, S.L.U.","Dirección del operador: C/Ribera del Loira 20-22, 28042 - Madrid (España).","Cantidad Neta: 1 Litros","Otras menciones obligatorias en la etiqueta: 50% zumo de frutas CONTIENE VITAMINA C. La vitamina C contribuye a la protección de las células frente al daño oxidativo."],"ingredients":[" 50% zumo de frutas a partir de concentrado (30% manzana, 18% uva y 2% kiwi), agua, azúcar, extractos de uva y de té verde, acidulante ácido cítrico, estabilizante pectina, aromas y vitamina C."],"conservation":" Proteger de la luz solar. Preservar de olores agresivos. Conservar en lugar limpio, fresco y seco. Envases de 1L: Conservar en el frigorífico una vez abierto, siendo aconsejable consumir entre los 3-4 días siguientes. Envases de vidrio: PROTEGER DE LA LUZ. SERVIR FRÍO. AGITAR ANTES DE ABRIR.","ean":"5449000149596"},{"full_name":"MINUTE MAID CLASICOS néctar multifruta a partir de concentrado botella 1 l","name":"néctar multifruta a partir de concentrado botella 1 l","brand":"MINUTE MAID CLASICOS ","img":"https://sgfm.elcorteingles.es/SGFM/03/34/7/0118633603347/0118633603347000g01011.jpg","price":"1,39 €","price_unit":"(1,39 € / Litro)","categories":["Supermercado","Bebidas","Agua, Refrescos y Zumos","Zumos y néctares","Zumos y néctares diversos","MINUTE MAID CLASICOS néctar multifruta a partir de concentrado botella 1 l"],"general_information":["Denominación del alimento: Néctar multifruta a partir de concentrado","Nombre del operador: Coca-Cola European Partners Iberia, S.L.U.","Dirección del operador: C/Ribera del Loira 20-22, 28042 - Madrid (España).","Cantidad Neta: 1 Litros"],"ingredients":[" Agua, 47% zumo de frutas a partir de concentrado (40% naranja, 2% albaricoque, 2% guayaba, 2% mango y 1% maracuyá) y azúcar."],"ean":"5449000136060"},{"full_name":"ZUMOSOL zumo de uvas, frambuesas, moras y granadas exprimidas botella 850 ml","name":"zumo de uvas, frambuesas, moras y granadas exprimidas botella 850 ml","brand":"ZUMOSOL ","img":"https://sgfm.elcorteingles.es/SGFM/dctm/MEDIA02/CONTENIDOS/201506/22/00118657200970____1__600x600.jpg","price":"2,43 €","price_unit":"(2,86 € / Litro)","categories":["Supermercado","Bebidas","Agua, Refrescos y Zumos","Zumos y néctares","Zumos y néctares diversos","ZUMOSOL zumo de uvas, frambuesas, moras y granadas exprimidas botella 850 ml"],"general_information":["Denominación del alimento: Zumo de Uva Tinta-Frambuesa-Mora-Granada Exprimidos","Nombre del operador: Zumos Palma S.L.U","Dirección del operador: Pol. Industrial Mataché, Parc 18-53, 14700 Palma del Río, Córdoba.","Cantidad Neta: 850 Mililitros"],"ingredients":[" Zumo exprimido de uva tinta (92,5 %), pure de frambuesa (2,5%), pure de mora (2,5%) y zumo exprimido de granada (2,5%)"],"conservation":" Una vez abierto el envase conservese en el frigorifico y consumir en un maximo de 4 dias","ean":"8435425101971"},{"full_name":"ZUMOSOL 100% zumo de uvas tintas, fresas y arándanos  exprimidos botella 850 ml","name":"100% zumo de uvas tintas, fresas y arándanos  exprimidos botella 850 ml","brand":"ZUMOSOL ","img":"https://sgfm.elcorteingles.es/SGFM/dctm/MEDIA02/CONTENIDOS/201509/10/00118657201002____1__600x600.jpg","price":"2,43 €","price_unit":"(2,86 € / Litro)","categories":["Supermercado","Bebidas","Agua, Refrescos y Zumos","Zumos y néctares","Zumos y néctares diversos","ZUMOSOL 100% zumo de uvas tintas, fresas y arándanos  exprimidos botella 850 ml"],"general_information":["Denominación del alimento: Zumo de Uva Tinta-Fresa-Arándanos Exprimidos","Nombre del operador: Zumos Palma S.L.U","Dirección del operador: Pol. Industrial Mataché, Parc 18-53, 14700 Palma del Río, Córdoba.","Cantidad Neta: 850 Mililitros"],"ingredients":[" Zumo exprimido de uva tinta (92%), pure de fresa (4%) y zumo exprimido de arandano (4%)"],"conservation":" Una vez abierto el envase conservese en el frigorifico y consumir en un maximo de 4 dias","ean":"8435425101940"},{"full_name":"ZUMOSOL zumo de naranja y zanahoria envase 1 l","name":"zumo de naranja y zanahoria envase 1 l","brand":"ZUMOSOL ","img":"https://sgfm.elcorteingles.es/SGFM/dctm/MEDIA03/201609/08/00118658601341____2__600x600.jpg","price":"1,57 €","price_unit":"(0 € / Litro)","categories":["Supermercado","Bebidas","Agua, Refrescos y Zumos","Zumos y néctares","Zumos y néctares diversos","ZUMOSOL zumo de naranja y zanahoria envase 1 l"],"general_information":["Denominación del alimento: Zumo Exprimido de Naranja-Zanahoria","Nombre del operador: Zumos Palma S.L.U","Dirección del operador: Pol. Industrial Mataché, Parc 18-53, 14700 Palma del Río, Córdoba.","Cantidad Neta: 1 Litros"],"ingredients":[" Zumo exprimido de naranja (55%),  manzana (15%), uva (15%) y zanahoria (15%)"],"conservation":" Una vez abierto el envase conservese en el frigorifico y consumir en un maximo de 4 dias","ean":"8435425100455"},{"full_name":"LAMBDA BIO zumo de uva ecológico botella 1 l","name":"zumo de uva ecológico botella 1 l","brand":"LAMBDA BIO ","img":"https://sgfm.elcorteingles.es/SGFM/00/04/6/0118628000046/0118628000046000g01011.jpg","price":"2,76 €","price_unit":"(2,76 € / Litro)","categories":["Supermercado","Bebidas","Agua, Refrescos y Zumos","Zumos y néctares","Zumos y néctares diversos","LAMBDA BIO zumo de uva ecológico botella 1 l"],"general_information":["Denominación del alimento: Zumo de uva ecológica a partir de concentrado","País de origen: España","Nombre del operador: Jugos canarios S.L.","Dirección del operador: Po. Ind. Salinetas, C/ Pastor, 19 - 35219 Telde","Lugar de procedencia del alimento: España","Cantidad Neta: 1 Litros"],"ingredients":[" Zumo de uva ecológica a partir de concentrado"],"conservation":" Consérvese en el frigorífico una vez abierto.","ean":"8426612010039"},{"full_name":"LAMBDA Sin Azúcar néctar de arándanos y grosella añadidos con pulpa y fibra botella 1 l","name":"Sin Azúcar néctar de arándanos y grosella añadidos con pulpa y fibra botella 1 l","brand":"LAMBDA ","img":"https://sgfm.elcorteingles.es/SGFM/03/39/6/0118633603396/0118633603396000g01011.jpg","price":"1,98 €","price_unit":"(1,98 € / Litro)","categories":["Supermercado","Bebidas","Agua, Refrescos y Zumos","Zumos y néctares","Zumos y néctares diversos","LAMBDA Sin Azúcar néctar de arándanos y grosella añadidos con pulpa y fibra botella 1 l"],"general_information":["Denominación del alimento: Néctar de arándano, grosella y manzana","País de origen: España","Nombre del operador: Jugos canarios S.L.","Dirección del operador: Po. Ind. Salinetas, C/ Pastor, 19 - 35219 Telde","Lugar de procedencia del alimento: España","Cantidad Neta: 1 Litros","Otras menciones obligatorias en la etiqueta: A partir de concentrado. Con edulcorantes."],"ingredients":[" Agua, zumo de arándano rojo (11%), grosella negra (10%) y manzana (9%) a partir de concentrados, edulcorante: sucralosa (E-955), vitamina C."],"conservation":" Consérvese en el frigorífico una vez abierto.","ean":"8426612011067"},{"full_name":"LAMBDA néctar zanahoria naranja botella 250 ml","name":"néctar zanahoria naranja botella 250 ml","brand":"LAMBDA ","img":"https://sgfm.elcorteingles.es/SGFM/01/35/8/0118633601358/0118633601358000g01011.jpg","price":"0,25 €","price_unit":"(1 € / Litro)","categories":["Supermercado","Bebidas","Agua, Refrescos y Zumos","Zumos y néctares","Zumos y néctares diversos","LAMBDA néctar zanahoria naranja botella 250 ml"],"general_information":["Denominación del alimento: Néctar de zanahoria con naranja","País de origen: España","Nombre del operador: Jugos canarios S.L.","Dirección del operador: Po. Ind. Salinetas, C/ Pastor, 19 - 35219 Telde","Lugar de procedencia del alimento: España","Cantidad Neta: 0.25 Litros","Otras menciones obligatorias en la etiqueta: Parcialmente a partir de concentrado."],"ingredients":[" Agua, puré y zumo de zanahoria (21%) y naranja (18%) a partir de concentrado, azúcar, zumo de limón concentrado, pulpa de naranja (1%), vitaminas C, E y provitamina A."],"conservation":" Consérvese en el frigorífico una vez abierto.","ean":"8426612002058"},{"full_name":"SKUIK 100% natural platano y calabaza ecológica envase 110 g","name":"100% natural platano y calabaza ecológica envase 110 g","brand":"SKUIK ","img":"https://sgfm.elcorteingles.es/SGFM/dctm/MEDIA02/CONTENIDOS/201509/08/00200557200870____1__600x600.jpg","price":"1,25 €","price_unit":"(11,36 € / Kilo)","categories":["Supermercado","Bebidas","Agua, Refrescos y Zumos","Zumos y néctares","Zumos y néctares diversos","SKUIK 100% natural platano y calabaza ecológica envase 110 g"],"general_information":["Denominación del alimento: Puré de plátano y calabaza","Nombre del operador: Fill Markers Solutions, S.L.","Dirección del operador: C/ Via Complutense nº 112, Portal 4, 2º,  28806 Alcalá de Henares, Madrid.","Cantidad Neta: 110 g"],"ingredients":[" Puré orgánico de manzana 40%, zumo orgánico de manzana 29%, puré orgánico de calabaza 16%, puré orgánico de plátano 15%, concentrado orgánico de limón."],"conservation":" Una vez abierto, conservar refrigerado y consumir antes de 24 horas. Mantener en un lugar fresco y seco.","ean":"8437013771030"},{"full_name":"SKUIK 100% natural frutas del bosque ecológica envase 110 g","name":"100% natural frutas del bosque ecológica envase 110 g","brand":"SKUIK ","img":"https://sgfm.elcorteingles.es/SGFM/dctm/MEDIA02/CONTENIDOS/201509/08/00200557200888____1__600x600.jpg","price":"1,25 €","price_unit":"(11,36 € / Kilo)","categories":["Supermercado","Bebidas","Agua, Refrescos y Zumos","Zumos y néctares","Zumos y néctares diversos","SKUIK 100% natural frutas del bosque ecológica envase 110 g"],"general_information":["Denominación del alimento: Puré de frutas del bosque","Nombre del operador: Fill Markers Solutions, S.L.","Dirección del operador: C/ Via Complutense nº 112, Portal 4, 2º,  28806 Alcalá de Henares, Madrid.","Cantidad Neta: 110 g"],"ingredients":[" Puré orgánico de manzana 36%, puré oránico de plátano 29%, puré orgánico de fresas 18%, puré orgánico de moras 12%, puré orgánico de fambruesas 5%, concentrado orgánico de limón."],"conservation":" Una vez abierto, conservar refrigerado y consumir antes de 24 horas. Mantener en un lugar fresco y seco.","ean":"8437013771023"},{"full_name":"SKUIK 100% natural pera y mango ecológica envase 110 g","name":"100% natural pera y mango ecológica envase 110 g","brand":"SKUIK ","img":"https://sgfm.elcorteingles.es/SGFM/dctm/MEDIA02/CONTENIDOS/201509/08/00200557200896____1__600x600.jpg","price":"1,25 €","price_unit":"(11,36 € / Kilo)","categories":["Supermercado","Bebidas","Agua, Refrescos y Zumos","Zumos y néctares","Zumos y néctares diversos","SKUIK 100% natural pera y mango ecológica envase 110 g"],"general_information":["Denominación del alimento: Puré pera y mango","Nombre del operador: Fill Markers Solutions, S.L.","Dirección del operador: C/ Via Complutense nº 112, Portal 4, 2º,  28806 Alcalá de Henares, Madrid.","Cantidad Neta: 110 g"],"ingredients":[" Puré orgánico de pera 70%, puré orgánico de mango 30%, concentrado de limón."],"conservation":" Una vez abierto, conservar refrigerado y consumir antes de 24 horas. Mantener en un lugar fresco y seco.","ean":"8437013771047"},{"full_name":"POMBEL smoothie frutal para beber100% fruta con zanahoria, naranja, piña y mango envase 210 ml","name":"smoothie frutal para beber100% fruta con zanahoria, naranja, piña y mango envase 210 ml","brand":"POMBEL ","img":"https://sgfm.elcorteingles.es/SGFM/dctm/MEDIA03/201708/04/00118160901130____1__600x600.jpg","price":"1,59 €","price_unit":"(7,57 € / Kilo)","categories":["Supermercado","Bebidas","Agua, Refrescos y Zumos","Zumos y néctares","Zumos y néctares diversos","POMBEL smoothie frutal para beber100% fruta con zanahoria, naranja, piña y mango envase 210 ml"],"general_information":["Denominación del alimento: Smoothie Frutal","País de origen: España","Nombre del operador: STADIUM INNOVATION","Dirección del operador: Paseo Ferrocarril (PG CAMI RAL), 339, Castelldefels, 8860 Barcelona","Cantidad Neta: 210 g","Otras menciones obligatorias en la etiqueta: Envasado en atmósfera protectora. Acondicionado en atmósfera protectora."],"ingredients":[" Puré de manzana (47,4%), puré de zanahoria (19%), zumo de naranja (12%), zumo de piña (12%), puré de mango (7,00%), zumo de limón (2,55%), cúrcuma en polvo (0,05%)."],"conservation":" Conservar preferentemente en frío (0-8° C). Consumir dentro de las 48 horas una vez abierto el envase.","ean":"8437010537271"},{"full_name":"POMBEL smoothie frutal para beber100% fruta con fresa, frambuesa, remolacha y arándanos envase 210 ml","name":"smoothie frutal para beber100% fruta con fresa, frambuesa, remolacha y arándanos envase 210 ml","brand":"POMBEL ","img":"https://sgfm.elcorteingles.es/SGFM/dctm/MEDIA03/201708/04/00118160901148____2__600x600.jpg","price":"1,59 €","price_unit":"(7,57 € / Kilo)","categories":["Supermercado","Bebidas","Agua, Refrescos y Zumos","Zumos y néctares","Zumos y néctares diversos","POMBEL smoothie frutal para beber100% fruta con fresa, frambuesa, remolacha y arándanos envase 210 ml"],"general_information":["Denominación del alimento: Smoothie Bosque","País de origen: España","Nombre del operador: STADIUM INNOVATION","Dirección del operador: Paseo Ferrocarril (PG CAMI RAL), 339, Castelldefels, 8860 Barcelona","Cantidad Neta: 210 g","Otras menciones obligatorias en la etiqueta: Envasado en atmósfera protectora. Acondicionado en atmósfera protectora."],"ingredients":[" Puré de manzana (53,6%), puré de fresa (20,6%), puré de frambuesa (9,3%), zumo de remolacha (7,2%), puré de plátano (5,2%), puré de arándanos (4,1%)."],"conservation":" Conservar preferentemente en frío (0-8° C). Consumir dentro de las 48 horas una vez abierto el envase.","ean":"8437010537257"},{"full_name":"POMBEL smoothie frutal para beber100% fruta bahía con piña, coco y mango envase 210 ml","name":"smoothie frutal para beber100% fruta bahía con piña, coco y mango envase 210 ml","brand":"POMBEL ","img":"https://sgfm.elcorteingles.es/SGFM/dctm/MEDIA03/201708/04/00118160901155____2__600x600.jpg","price":"1,59 €","price_unit":"(7,57 € / Kilo)","categories":["Supermercado","Bebidas","Agua, Refrescos y Zumos","Zumos y néctares","Zumos y néctares diversos","POMBEL smoothie frutal para beber100% fruta bahía con piña, coco y mango envase 210 ml"],"general_information":["Denominación del alimento: Smoothie Bahía","País de origen: España","Nombre del operador: STADIUM INNOVATION","Dirección del operador: Paseo Ferrocarril (PG CAMI RAL), 339, Castelldefels, 8860 Barcelona","Cantidad Neta: 210 g","Otras menciones obligatorias en la etiqueta: Envasado en atmósfera protectora. Acondicionado en atmósfera protectora."],"ingredients":[" Puré de manzana (48%), zumo de piña (24%), puré de mango (15%), coco (10%), puré de plátano (3%)."],"conservation":" Conservar preferentemente en frío (0-8° C). Consumir dentro de las 48 horas una vez abierto el envase.","ean":"8437010537288"},{"full_name":"POMBEL smoothie frutal para beber100% fruta con manzana, piña, espinaca y pepino envase 210 ml","name":"smoothie frutal para beber100% fruta con manzana, piña, espinaca y pepino envase 210 ml","brand":"POMBEL ","img":"https://sgfm.elcorteingles.es/SGFM/dctm/MEDIA03/201708/02/00118160901619____1__600x600.jpg","price":"1,59 €","price_unit":"(7,57 € / Kilo)","categories":["Supermercado","Bebidas","Agua, Refrescos y Zumos","Zumos y néctares","Zumos y néctares diversos","POMBEL smoothie frutal para beber100% fruta con manzana, piña, espinaca y pepino envase 210 ml"],"general_information":["Denominación del alimento: Smoothie Huerta","País de origen: España","Nombre del operador: STADIUM INNOVATION","Dirección del operador: Paseo Ferrocarril (PG CAMI RAL), 339, Castelldefels, 8860 Barcelona","Cantidad Neta: 210 g","Otras menciones obligatorias en la etiqueta: Envasado en atmósfera protectora. Acondicionado en atmósfera protectora."],"ingredients":[" Puré de manzana (69,35%), zumo de piña (17,5%), zumo de espinaca (9%), zumo de pepino (4%), spirulina en polvo (0,15%)."],"conservation":" Conservar preferentemente en frío (0-8° C). Consumir dentro de las 48 horas una vez abierto el envase.","ean":"8437010537264"},{"full_name":"LIBBY'S néctar pera-piña sin azúcar con Vitaminas A+C+E envase 1,5 l","name":"néctar pera-piña sin azúcar con Vitaminas A+C+E envase 1,5 l","brand":"LIBBY'S ","img":"https://sgfm.elcorteingles.es/SGFM/dctm/MEDIA02/CONTENIDOS/201508/18/00118633601499____2__600x600.jpg","price":"1,39 €","price_unit":"(0,93 € / Litro)","categories":["Supermercado","Bebidas","Agua, Refrescos y Zumos","Zumos y néctares","Zumos y néctares diversos","LIBBY'S néctar pera-piña sin azúcar con Vitaminas A+C+E envase 1,5 l"],"general_information":["Denominación del alimento: Bebida refrescante de pulpa de pera y zumo de piña parcialmente a partir de concentrado sin azúcar añadido","País de origen: España","Nombre del operador: Establecimientos Industriales Archipiélago, S.A.","Dirección del operador: Carretera General del Sur Km 4 nº 57 El Chorrillo - C.P. 38111 (Santa Cruz de Tenerife)","Lugar de procedencia del alimento: Santa Cruz de Tenerife (España).","Cantidad Neta: 1.5 Litros","Otras menciones obligatorias en la etiqueta: Sin gluten. Sin huevo. Sin soja."],"ingredients":[" Agua, pulpa de pera (44 %) y zumo de  piña  a partir  de concentrado (6 %), acidulante (ácido cítrico),  edulcorantes: ciclamato sódico (E-952) y  sacarina (E-954), vitaminas  C, E y A."],"conservation":" Una vez abierto conservar en frío.","ean":"8412755103028"},{"full_name":"LIBBY'S néctar de pera y piña envase 1 l","name":"néctar de pera y piña envase 1 l","brand":"LIBBY'S ","img":"https://sgfm.elcorteingles.es/SGFM/dctm/MEDIA03/201603/31/00118633600996____2__600x600.jpg","price":"1,19 €","price_unit":"(1,19 € / Litro)","categories":["Supermercado","Bebidas","Agua, Refrescos y Zumos","Zumos y néctares","Zumos y néctares diversos","LIBBY'S néctar de pera y piña envase 1 l"],"general_information":["Denominación del alimento: Néctar de pera y de piña parcialmente a partir de concentrado","País de origen: España","Nombre del operador: Establecimientos Industriales Archipiélago, S.A.","Dirección del operador: Carretera General del Sur Km 4 nº 57 El Chorrillo - C.P. 38111 (Santa Cruz de Tenerife)","Lugar de procedencia del alimento: Santa Cruz de Tenerife (España).","Cantidad Neta: 1 Litros","Otras menciones obligatorias en la etiqueta: Sin gluten. Sin huevo. Sin soja."],"ingredients":[" Agua,pulpa de pera (44%), zumo de piña (6%) a partir de concentrado,azúcar, acidulante (ácido cítrico) y antioxidante  (ácido ascórbico)."],"conservation":" Una vez abierto conservar en frío.","ean":"8412755102021"},{"full_name":"LIBBY'S néctar de pera y piña botella 25 cl","name":"néctar de pera y piña botella 25 cl","brand":"LIBBY'S ","img":"https://sgfm.elcorteingles.es/SGFM/dctm/MEDIA03/201603/31/00118633601069____2__600x600.jpg","price":"0,59 €","price_unit":"(2,36 € / Litro)","categories":["Supermercado","Bebidas","Agua, Refrescos y Zumos","Zumos y néctares","Zumos y néctares diversos","LIBBY'S néctar de pera y piña botella 25 cl"],"general_information":["Denominación del alimento: Néctar de pera y de piña parcialmente a partir de concentrado","País de origen: España","Nombre del operador: Establecimientos Industriales Archipiélago, S.A.","Dirección del operador: Carretera General del Sur Km 4 nº 57 El Chorrillo - C.P. 38111 (Santa Cruz de Tenerife)","Lugar de procedencia del alimento: Santa Cruz de Tenerife (España).","Cantidad Neta: 0.25 Litros","Otras menciones obligatorias en la etiqueta: Sin gluten. Sin huevo. Sin soja."],"ingredients":[" Agua, pulpa de pera (44%), azúcar, zumo de piña  (6%) a partir de concentrado, acidulante (ácido cítrico), antioxidante (ácido ascórbico)."],"conservation":" Una vez abierto conservar en frío.","ean":"8412755104025"},{"full_name":"LIBBY'S zumo de piña y coco envase 1 l","name":"zumo de piña y coco envase 1 l","brand":"LIBBY'S ","img":"https://sgfm.elcorteingles.es/SGFM/dctm/MEDIA03/201603/31/00118633602810____2__600x600.jpg","price":"1,15 €","price_unit":"(1,15 € / Litro)","categories":["Supermercado","Bebidas","Agua, Refrescos y Zumos","Zumos y néctares","Zumos y néctares diversos","LIBBY'S zumo de piña y coco envase 1 l"],"general_information":["Denominación del alimento: Bebida refrescante de zumo de frutas y leche de coco a partir de concentrado","País de origen: España","Nombre del operador: Establecimientos Industriales Archipiélago, S.A.","Dirección del operador: Carretera General del Sur Km 4 nº 57 El Chorrillo - C.P. 38111 (Santa Cruz de Tenerife)","Lugar de procedencia del alimento: Santa Cruz de Tenerife (España).","Cantidad Neta: 1 Litros","Otras menciones obligatorias en la etiqueta: Sin gluten. Sin huevo. Sin soja."],"ingredients":[" Agua, zumo de piña (48,5%) y de limón (1,5 %) a partir de concentrado,  azúcar, estabilizadores: E 440 y E 410, leche de coco  y aromas."],"conservation":" Una vez abierto conservar en frío.","ean":"8412755102229"},{"full_name":"DON SIMON bebida Antioxidanete de naranja, uva, mora y frambuesa botella 1,5 l","name":"bebida Antioxidanete de naranja, uva, mora y frambuesa botella 1,5 l","brand":"DON SIMON ","img":"https://sgfm.elcorteingles.es/SGFM//01/26/7/0118658601267/0118658601267000g01011.jpg","price":"1,34 €","price_unit":"(0,89 € / Litro)","categories":["Supermercado","Bebidas","Agua, Refrescos y Zumos","Zumos y néctares","Zumos y néctares diversos","DON SIMON bebida Antioxidanete de naranja, uva, mora y frambuesa botella 1,5 l"],"general_information":["Denominación del alimento: Bebida de zumo de frutas. Contenido de fruta: 60 %","País de origen: España","Nombre del operador: JGC S.A","Dirección del operador: C/Jorge Juan, 73 28009 Madrid España","Cantidad Neta: 1 Litros"],"ingredients":[" Zumo de frutas a partir de concentrado (60%) (naranja, mora, uva, frambuesa), agua, azúcar, extracto de zanahoria, extracto de frutas rojas, aromas, vitamina E"],"conservation":" Tras su apertura, conservar refrigerado. Agitar antes de servir","ean":"8410261657462"},{"full_name":"HELIOS & GO fresa y plátano 100% fruta para llevar envase 90 g","name":"fresa y plátano 100% fruta para llevar envase 90 g","brand":"HELIOS & GO ","img":"https://sgfm.elcorteingles.es/SGFM/dctm/MEDIA02/CONTENIDOS/201408/19/00118657200848____1__600x600.jpg","price":"1,07 €            ","price_unit":"(9,67 € / Kilo)","categories":["Supermercado","Bebidas","Agua, Refrescos y Zumos","Zumos y néctares","Zumos y néctares diversos","HELIOS & GO fresa y plátano 100% fruta para llevar envase 90 g"],"general_information":["Denominación del alimento: Helios&Go Fruta para llevar Fresa&Plátano","Nombre del operador: DULCES Y CONSERVAS HELIOS S.A.","Dirección del operador: Carretera de Salamanca, nº44, 47195 Arroyo de la Encomienda","Cantidad Neta: 90 g"],"ingredients":[" Plátano (47%), Manzana (28%), Fresa (20%), concentrado de uva tinta, concentrado de uva blanca y concentrado de limón"],"conservation":" Conservese en lugar fresco y seco. Una vez abierto conservesé en el frigorifico","ean":"8410095000892"},{"full_name":"HELIOS & GO manzana y plátano 100% fruta para llevar envase 90 g","name":"manzana y plátano 100% fruta para llevar envase 90 g","brand":"HELIOS & GO ","img":"https://sgfm.elcorteingles.es/SGFM/dctm/MEDIA02/CONTENIDOS/201408/19/00200557200763____1__600x600.jpg","price":"1,07 €            ","price_unit":"(9,67 € / Kilo)","categories":["Supermercado","Bebidas","Agua, Refrescos y Zumos","Zumos y néctares","Zumos y néctares diversos","HELIOS & GO manzana y plátano 100% fruta para llevar envase 90 g"],"general_information":["Denominación del alimento: Helios&Go Fruta para llevar Manzana&Plátano","Nombre del operador: DULCES Y CONSERVAS HELIOS S.A.","Dirección del operador: Carretera de Salamanca, nº44, 47195 Arroyo de la Encomienda","Cantidad Neta: 90 g"],"ingredients":[" Manzana (58%), plátano (37%), concentrado de manzana y concentrado de limón"],"conservation":" Conservese en lugar fresco y seco. Una vez abierto conservesé en el frigorifico","ean":"8410095000885"},{"full_name":"ARIZONA Cowboy Cocktail Mucho Mango refresco de mango botella 50 cl","name":"Cowboy Cocktail Mucho Mango refresco de mango botella 50 cl","brand":"ARIZONA ","img":"https://sgfm.elcorteingles.es/SGFM/dctm/MEDIA03/201605/06/00118633800679____1__600x600.jpg","price":"1,19 €","price_unit":"(2,38 € / Litro)","categories":["Supermercado","Bebidas","Agua, Refrescos y Zumos","Zumos y néctares","Zumos y néctares diversos","ARIZONA Cowboy Cocktail Mucho Mango refresco de mango botella 50 cl"],"general_information":["Denominación del alimento: ARIZONA","Nombre del operador: DAMM S.A.","Dirección del operador: C/ ROSELLO , 515  BARCELONA, BARCELONA","Cantidad Neta: 0.5 Litros","Otras menciones obligatorias en la etiqueta: Refrescos Té"],"ingredients":[],"conservation":" Mantener en lugar fresco, oscuro y seco","ean":"0613008739058"},{"full_name":"ARIZONA Cowboy Cocktail Watermelon refresco de sandía botella 50 cl","name":"Cowboy Cocktail Watermelon refresco de sandía botella 50 cl","brand":"ARIZONA ","img":"https://sgfm.elcorteingles.es/SGFM/dctm/MEDIA03/201605/06/00118633800687____1__600x600.jpg","price":"1,19 €","price_unit":"(2,38 € / Litro)","categories":["Supermercado","Bebidas","Agua, Refrescos y Zumos","Zumos y néctares","Zumos y néctares diversos","ARIZONA Cowboy Cocktail Watermelon refresco de sandía botella 50 cl"],"general_information":["Denominación del alimento: ARIZONA","Nombre del operador: DAMM S.A.","Dirección del operador: C/ ROSELLO , 515  BARCELONA, BARCELONA","Cantidad Neta: 0.5 Litros","Otras menciones obligatorias en la etiqueta: Refrescos Té"],"ingredients":[],"conservation":" Mantener en lugar fresco, oscuro y seco","ean":"0613008739089"},{"full_name":"V8 zumo 8 vegetales envase 1 l","name":"zumo 8 vegetales envase 1 l","brand":"V8 ","img":"https://sgfm.elcorteingles.es/SGFM/dctm/MEDIA03/201603/02/00118658601093____1__600x600.jpg","price":"3,40 €","price_unit":"(3,40 € / Litro)","categories":["Supermercado","Bebidas","Agua, Refrescos y Zumos","Zumos y néctares","Zumos y néctares diversos","V8 zumo 8 vegetales envase 1 l"],"general_information":[],"ingredients":[],"ean":"5410056193703"},{"full_name":"OCEAN SPRAY Cranberry Classic Light zumo de arándanos sin azúcar añadido envase 1 l","name":"Cranberry Classic Light zumo de arándanos sin azúcar añadido envase 1 l","brand":"OCEAN SPRAY ","img":"https://sgfm.elcorteingles.es/SGFM/00/93/9/0118658600939/0118658600939000g01011.jpg","price":"1,68 €","price_unit":"(1,68 € / Litro)","categories":["Supermercado","Bebidas","Agua, Refrescos y Zumos","Zumos y néctares","Zumos y néctares diversos","OCEAN SPRAY Cranberry Classic Light zumo de arándanos sin azúcar añadido envase 1 l"],"general_information":[],"ingredients":[],"ean":"0031200436245"},{"full_name":"OCEAN SPRAY Cranberry Classic zumo de arándanos rojos envase 1 l","name":"Cranberry Classic zumo de arándanos rojos envase 1 l","brand":"OCEAN SPRAY ","img":"https://sgfm.elcorteingles.es/SGFM/00/79/8/0118658600798/0118658600798000g01011.jpg","price":"1,68 €","categories":["Supermercado","Bebidas","Agua, Refrescos y Zumos","Zumos y néctares","Zumos y néctares diversos","OCEAN SPRAY Cranberry Classic zumo de arándanos rojos envase 1 l"],"general_information":[],"ingredients":[],"ean":"0031200490032"},{"full_name":"OCEAN SPRAY Cranberry & Pomegranate zumo de arándanos rojos y granada envase 1 l","name":"Cranberry & Pomegranate zumo de arándanos rojos y granada envase 1 l","brand":"OCEAN SPRAY ","img":"https://sgfm.elcorteingles.es/SGFM/02/09/1/0118633602091/0118633602091000g01011.jpg","price":"1,68 €","price_unit":"(1,68 € / Litro)","categories":["Supermercado","Bebidas","Agua, Refrescos y Zumos","Zumos y néctares","Zumos y néctares diversos","OCEAN SPRAY Cranberry & Pomegranate zumo de arándanos rojos y granada envase 1 l"],"general_information":[],"ingredients":[],"ean":"0031200436221"},{"full_name":"RAUCH Happy Day zumo Cranberry con vitamina C envase 1 l","name":"Happy Day zumo Cranberry con vitamina C envase 1 l","brand":"RAUCH ","img":"https://sgfm.elcorteingles.es/SGFM/00/92/1/0118658600921/0118658600921000g01011.jpg","price":"2,20 €","price_unit":"(2,20 € / Litro)","categories":["Supermercado","Bebidas","Agua, Refrescos y Zumos","Zumos y néctares","Zumos y néctares diversos","RAUCH Happy Day zumo Cranberry con vitamina C envase 1 l"],"general_information":["Denominación del alimento: Néctar de guinda","Nombre del operador: Comercial Masoliver S.A.","Dirección del operador: Calle Puntia, 18 - 17857 Begudà (Girona) España","Lugar de procedencia del alimento: 040 - Austria","Cantidad Neta: 1 Litros"],"ingredients":[" Agua, zumo de guinda, azúcar, zumo de guinda concentrado, acidificante: ácido cítrico."],"conservation":" Mantener en el frigorífico  después de la apertura, utilizar antes de 3 días.","ean":"9008700128971"},{"full_name":"RAUCH Happy Day zumo de fresa envase 1 l","name":"Happy Day zumo de fresa envase 1 l","brand":"RAUCH ","img":"https://sgfm.elcorteingles.es/SGFM/dctm/MEDIA02/CONTENIDOS/201410/02/00118633603800____1__600x600.jpg","price":"2,85 €","price_unit":"(2,85 € / Litro)","categories":["Supermercado","Bebidas","Agua, Refrescos y Zumos","Zumos y néctares","Zumos y néctares diversos","RAUCH Happy Day zumo de fresa envase 1 l"],"general_information":["Denominación del alimento: 100% Zumo de Pomelo Rosa con pulpa a base de zumo de Pomelo Rosa concentrado.","Nombre del operador: Comercial Masoliver S.A.","Dirección del operador: Calle Puntia, 18 - 17857 Begudà (Girona) España","Lugar de procedencia del alimento: 040 - Austria","Cantidad Neta: 1 Litros"],"ingredients":[" 100% Zumo de Pomelo Rosa con pulpa a base de zumo de Pomelo Rosa concentrado."],"conservation":" Mantener en el frigorífico  después de la apertura, utilizar antes de 3 días.","ean":"9008700120258"},{"full_name":"RAUCH Happy Day néctar de cereza envase 1 l","name":"Happy Day néctar de cereza envase 1 l","brand":"RAUCH ","img":"https://sgfm.elcorteingles.es/SGFM/dctm/MEDIA02/CONTENIDOS/201410/02/00118633602661____1__600x600.jpg","price":"2,85 €","price_unit":"(2,85 € / Litro)","categories":["Supermercado","Bebidas","Agua, Refrescos y Zumos","Zumos y néctares","Zumos y néctares diversos","RAUCH Happy Day néctar de cereza envase 1 l"],"general_information":["Denominación del alimento: 100% Zumo de Manzana a base de Zumo de Manzana concentrado.","Nombre del operador: Comercial Masoliver S.A.","Dirección del operador: Calle Puntia, 18 - 17857 Begudà (Girona) España","Lugar de procedencia del alimento: 040 - Austria","Cantidad Neta: 2 Litros"],"ingredients":[" 100% Zumo de Manzana a base de Zumo de Manzana concentrado."],"conservation":" Mantener en el frigorífico  después de la apertura, utilizar antes de 3 días.","ean":"9008700111546"},{"full_name":"RAUCH Happy Day zumo de frutos rojos 100% Multivitaminas envase 1 l","name":"Happy Day zumo de frutos rojos 100% Multivitaminas envase 1 l","brand":"RAUCH ","img":"https://sgfm.elcorteingles.es/SGFM/dctm/MEDIA02/CONTENIDOS/201410/02/00118658601275____2__600x600.jpg","price":"2,85 €","price_unit":"(2,85 € / Litro)","categories":["Supermercado","Bebidas","Agua, Refrescos y Zumos","Zumos y néctares","Zumos y néctares diversos","RAUCH Happy Day zumo de frutos rojos 100% Multivitaminas envase 1 l"],"general_information":["Denominación del alimento: Bebida de zumo multi fruta y granada","Nombre del operador: Comercial Masoliver S.A.","Dirección del operador: Calle Puntia, 18 - 17857 Begudà (Girona) España","Lugar de procedencia del alimento: 040 - Austria","Cantidad Neta: 1 Litros"],"ingredients":[" Agua, zumo de multi fruta concentrado (22% granada, 4% manzana, 3% aronia, 1% baya del saúco), azúcar, acidificante: ácido cítrico; vitamina C, aroma"],"conservation":" Mantener en el frigorífico  después de la apertura, utilizar antes de 3 días.","ean":"9008700146982"},{"full_name":"RAUCH Happy Day néctar de grosella negra envase 1 l","name":"Happy Day néctar de grosella negra envase 1 l","brand":"RAUCH ","img":"https://sgfm.elcorteingles.es/SGFM/dctm/MEDIA03/201702/23/00118658601176____1__600x600.jpg","price":"2,85 €","price_unit":"(2,85 € / Litro)","categories":["Supermercado","Bebidas","Agua, Refrescos y Zumos","Zumos y néctares","Zumos y néctares diversos","RAUCH Happy Day néctar de grosella negra envase 1 l"],"general_information":["Denominación del alimento: Manzana con gas","Nombre del operador: Comercial Masoliver S.A.","Dirección del operador: Calle Puntia, 18 - 17857 Begudà (Girona) España","Lugar de procedencia del alimento: 040 - Austria","Cantidad Neta: 0.5 Litros"],"ingredients":[" Agua mineral natural, zumo concentrado de manzana, dióxido de carbono."],"conservation":" Mantener en el frigorífico  después de la apertura, utilizar antes de 3 días.","ean":"0000090087271"},{"full_name":"L'AYERAN zumo de arandanos ecológico botella 50 cl","name":"zumo de arandanos ecológico botella 50 cl","brand":"L'AYERAN ","img":"https://sgfm.elcorteingles.es/SGFM/dctm/MEDIA02/CONTENIDOS/201510/05/00200528000169____2__600x600.jpg","price":"8,32 €","price_unit":"(16,64 € / Litro)","categories":["Supermercado","Bebidas","Agua, Refrescos y Zumos","Zumos y néctares","Zumos y néctares diversos","L'AYERAN zumo de arandanos ecológico botella 50 cl"],"general_information":["Denominación del alimento: Zumo de Arandanos","Nombre del operador: Distribuciones Sabores Alleranos, S.L.","Dirección del operador: Carretera General nº1, 33685 Aller, Asturias.","Cantidad Neta: 500 Mililitros"],"ingredients":[" Arandanos silvestre ecológico negro"],"conservation":" Consérvese en lugar fresco y seco. Una vez abierto conservar en nevera","ean":"8437000536314"},{"full_name":"GRANINI néctar de arándanos rojos botella 33 cl","name":"néctar de arándanos rojos botella 33 cl","brand":"GRANINI ","img":"https://sgfm.elcorteingles.es/SGFM/dctm/MEDIA03/201706/16/00118633604493____1__600x600.jpg","price":"1,00 €","price_unit":"(3,03 € / Litro)","categories":["Supermercado","Bebidas","Agua, Refrescos y Zumos","Zumos y néctares","Zumos y néctares diversos","GRANINI néctar de arándanos rojos botella 33 cl"],"general_information":["Denominación del alimento: Bebida de arándanos rojo a partir de concentrado con vitamina E","Nombre del operador: Eckes-Granini Ibérica, S.A.U.","Dirección del operador: Avda Diagonal, nº 514, 1er piso, puerta 1,2. 08006, Barcelona, Spain","Cantidad Neta: 0.33 Litros"],"ingredients":[" agua, zumo de arándanos a partir de zumo de arándanos concentrado (14%), azúcar, zumo de limón concentrado y zumo de sauco concentrado, vitamina E"],"conservation":" Una vez abierto conservar en el frigorífico y consumir en 3-4 días.","ean":"8431707046343"},{"full_name":"EL CORTE INGLES zumo de naranja con pulpa 100% fruta envase 1 l","name":"zumo de naranja con pulpa 100% fruta envase 1 l","brand":"EL CORTE INGLES ","img":"https://sgfm.elcorteingles.es/SGFM/dctm/MEDIA03/201703/06/00118827000425____1__600x600.jpg","price":"1,79 €","price_unit":"(1,79 € / Litro)","categories":["Supermercado","Bebidas","Agua, Refrescos y Zumos","Zumos y néctares","Zumos refrigerados","EL CORTE INGLES zumo de naranja con pulpa 100% fruta envase 1 l"],"general_information":["Denominación del alimento: ZUMO DE NARANJA CON PULPA","Nombre del operador: Elaborado para El Corte Inglés por\nAMC JUICES, S.L., \nCtra.Madrid-Cartagena Km 383\n30100 Espinardo (Murcia) - España","Número de raciones por envase: 5"],"ingredients":[" INGREDIENTES:\n\nZumo de naranja (97%), pulpa de naranja (3%)\nNo procedente de concentrado (zumo directo)\n\n200 ml equivalen a 1 de las 5 raciones diarias de fruta y verdura recomendadas"],"conservation":" Conservar refrigerado. \nUna vez abierto, consumir en un plazo de 4 días.","ean":"8433329014502"},{"full_name":"EL CORTE INGLES zumo de naranja sin pulpa 100% fruta envase 1 l","name":"zumo de naranja sin pulpa 100% fruta envase 1 l","brand":"EL CORTE INGLES ","img":"https://sgfm.elcorteingles.es/SGFM/dctm/MEDIA03/201703/06/00118827000417____1__600x600.jpg","price":"1,79 €","price_unit":"(1,79 € / Litro)","categories":["Supermercado","Bebidas","Agua, Refrescos y Zumos","Zumos y néctares","Zumos refrigerados","EL CORTE INGLES zumo de naranja sin pulpa 100% fruta envase 1 l"],"general_information":["Denominación del alimento: ZUMO DE NARANJA SIN PULPA","Nombre del operador: Elaborado para El Corte Inglés por\nAMC JUICES, S.L., \nCtra.Madrid-Cartagena Km 383\n30100 Espinardo (Murcia) - España","Número de raciones por envase: 5"],"ingredients":[" INGREDIENTES:\n\nZumo de naranja 100%\nNo procedente de concentrado (zumo directo)\n\n200 ml equivalen a 1 de las 5 raciones diarias de fruta y verdura recomendadas"],"conservation":" Conservar refrigerado. \nUna vez abierto, consumir en un plazo de 4 días.","ean":"8433329014519"},{"full_name":"EL CORTE INGLES zumo naranja recién exprimido botella 750 ml","name":"zumo naranja recién exprimido botella 750 ml","brand":"EL CORTE INGLES ","img":"https://sgfm.elcorteingles.es/SGFM/dctm/MEDIA03/201703/06/00118827000748____1__600x600.jpg","price":"2,39 €","price_unit":"(3,19 € / Litro)","categories":["Supermercado","Bebidas","Agua, Refrescos y Zumos","Zumos y néctares","Zumos refrigerados","EL CORTE INGLES zumo naranja recién exprimido botella 750 ml"],"general_information":["Denominación del alimento: ZUMO DE NARANJA\nRECIEN EXPRIMIDO","Nombre del operador: Elaborado para El Corte Inglés por\nAMC JUICES, S.L., \nCtra.Madrid-Cartagena Km 383\n30100 Espinardo (Murcia) - España","Número de raciones por envase: 3"],"ingredients":[" Ingredientes: Zumo de naranja."],"conservation":" Conservar refrigerado.","ean":"8433329022804"},{"full_name":"EL CORTE INGLES zumo de pomelo rosa exprimido envase 1 l","name":"zumo de pomelo rosa exprimido envase 1 l","brand":"EL CORTE INGLES ","img":"https://sgfm.elcorteingles.es/SGFM/dctm/MEDIA03/201703/06/00118827000839____1__600x600.jpg","price":"2,45 €","price_unit":"(2,45 € / Litro)","categories":["Supermercado","Bebidas","Agua, Refrescos y Zumos","Zumos y néctares","Zumos refrigerados","EL CORTE INGLES zumo de pomelo rosa exprimido envase 1 l"],"general_information":["Denominación del alimento: ZUMO DE POMELO","Nombre del operador: Elaborado para El Corte Inglés por\nAMC JUICES, S.L., \nCtra.Madrid-Cartagena Km 383\n30100 Espinardo (Murcia) - España","Número de raciones por envase: 5"],"ingredients":[" INGREDIENTES:\n\nZumo de pomelo.\nNo procedente de concentrado (zumo directo)\n\n200 ml equivalen a 1 de las 5 raciones diarias de fruta y verdura recomendadas"],"conservation":" Conservar refrigerado. \nUna vez abierto, consumir en un plazo de 4 días.","ean":"8433329033060"},{"full_name":"EL CORTE INGLES zumo multifrutas con manzana mandarina melocotón piña y mango envase 1 l","name":"zumo multifrutas con manzana mandarina melocotón piña y mango envase 1 l","brand":"EL CORTE INGLES ","img":"https://sgfm.elcorteingles.es/SGFM/dctm/MEDIA03/201708/28/00118827001308____2__600x600.jpg","price":"2,05 €","price_unit":"(2,05 € / Litro)","categories":["Supermercado","Bebidas","Agua, Refrescos y Zumos","Zumos y néctares","Zumos refrigerados","EL CORTE INGLES zumo multifrutas con manzana mandarina melocotón piña y mango envase 1 l"],"general_information":["Denominación del alimento: Zumo multifrutas","Nombre del operador: Elaborado para El Corte Inglés por\nAMC JUICES, S.L., \nCtra.Madrid-Cartagena Km 383\n30100 Espinardo (Murcia) - España","Número de raciones por envase: aproximadament"],"ingredients":[" Ingredientes: \nZumo de manzana (50%), zumo de mandarina (19%), \npuré de melocotón (17%), zumo de piña (7%), puré mango (7%)."],"conservation":" Conservar refrigerado. \nUna vez abierto, consumir en un plazo de 4 días.","ean":"8433329081139"},{"full_name":"EL CORTE INGLES zumo exprimido de naranja y zanahoria 100% fruta seleccionada botella 750 ml","name":"zumo exprimido de naranja y zanahoria 100% fruta seleccionada botella 750 ml","brand":"EL CORTE INGLES ","img":"https://sgfm.elcorteingles.es/SGFM/dctm/MEDIA03/201709/11/00118827001001____6__600x600.jpg","price":"2,39 €","price_unit":"(3,19 € / Litro)","categories":["Supermercado","Bebidas","Agua, Refrescos y Zumos","Zumos y néctares","Zumos refrigerados","EL CORTE INGLES zumo exprimido de naranja y zanahoria 100% fruta seleccionada botella 750 ml"],"general_information":["Denominación del alimento: ZUMO DE NARANJA - ZANAHORIA","Nombre del operador: Elaborado para El Corte Inglés por\nAMC JUICES, S.L., \nCtra.Madrid-Cartagena Km 383\n30100 Espinardo (Murcia) - España","Número de raciones por envase: 3"],"ingredients":[" INGREDIENTES:\n\nZumo de naranja (60%), puré de zanahoria (40%)\nNo procedente de concentrado (zumo directo)\nContiene azúcares naturalmente presentes.\n200 ml equivalen a 1 de las 5 raciones diarias de fruta y verdura recomendadas"],"conservation":" Conservar refrigerado. \nUna vez abierto, consumir en un plazo de 4 días.","ean":"8433329040174"},{"full_name":"EL CORTE INGLES zumo exprimido tropical 100% fruta seleccionada botella 750 ml","name":"zumo exprimido tropical 100% fruta seleccionada botella 750 ml","brand":"EL CORTE INGLES ","img":"https://sgfm.elcorteingles.es/SGFM/dctm/MEDIA03/201709/01/00118827000870____1__600x600.jpg","price":"2,39 €","price_unit":"(3,19 € / Litro)","categories":["Supermercado","Bebidas","Agua, Refrescos y Zumos","Zumos y néctares","Zumos refrigerados","EL CORTE INGLES zumo exprimido tropical 100% fruta seleccionada botella 750 ml"],"general_information":["Denominación del alimento: ZUMO MULTIFRUTAS","Nombre del operador: Elaborado para El Corte Inglés por\nAMC JUICES, S.L., \nCtra.Madrid-Cartagena Km 383\n30100 Espinardo (Murcia) - España","Número de raciones por envase: 3"],"ingredients":[" Ingredientes: zumo de manzana (36%), zumo de naranja (26%), zumo de piña (16%), puré de mango (15%), puré de maracuyá (7%).             \n No procedente de concentrado (zumo directo)"],"conservation":" Conservar refrigerado. \nUna vez abierto, consumir en un plazo de 4 días.","ean":"8433329035262"},{"full_name":"EL CORTE INGLES zumo exprimido de granada 100% fruta seleccionada botella 750 ml","name":"zumo exprimido de granada 100% fruta seleccionada botella 750 ml","brand":"EL CORTE INGLES ","img":"https://sgfm.elcorteingles.es/SGFM/dctm/MEDIA03/201708/03/00118827000847____6__600x600.jpg","price":"3,65 €","price_unit":"(4,87 € / Litro)","categories":["Supermercado","Bebidas","Agua, Refrescos y Zumos","Zumos y néctares","Zumos refrigerados","EL CORTE INGLES zumo exprimido de granada 100% fruta seleccionada botella 750 ml"],"general_information":["Denominación del alimento: ZUMO DE GRANADA","Nombre del operador: Elaborado para El Corte Inglés por\nAMC JUICES, S.L., \nCtra.Madrid-Cartagena Km 383\n30100 Espinardo (Murcia) - España","Número de raciones por envase: 3"],"ingredients":[" INGREDIENTES:\n\nZumo de granada.\n\nNo procedente de concentrado (zumo directo)\n\n200 ml equivalen a 1 de las 5 raciones diarias de fruta y verdura recomendadas"],"conservation":" Conservar refrigerado. \nUna vez abierto, consumir en un plazo de 4 días.","ean":"8433329035286"},{"full_name":"EL CORTE INGLES PIÑA envase 1 l","name":"PIÑA envase 1 l","brand":"EL CORTE INGLES ","img":"https://sgfm.elcorteingles.es/SGFM/dctm/MEDIA03/201703/06/00118827000433____1__600x600.jpg","price":"2,05 €","price_unit":"(2,05 € / Litro)","categories":["Supermercado","Bebidas","Agua, Refrescos y Zumos","Zumos y néctares","Zumos refrigerados","EL CORTE INGLES PIÑA envase 1 l"],"general_information":["Denominación del alimento: ZUMO DE PIÑA","Nombre del operador: Elaborado para El Corte Inglés por\nAMC JUICES, S.L., \nCtra.Madrid-Cartagena Km 383\n30100 Espinardo (Murcia) - España","Número de raciones por envase: 5"],"ingredients":[" INGREDIENTES:\n\nZumo de piña.\nNo procedente de concentrado (zumo directo)\n\n200 ml equivalen a 1 de las 5 raciones diarias de fruta y verdura recomendadas"],"conservation":" Conservar refrigerado. \nUna vez abierto, consumir en un plazo de 4 días.","ean":"8433329014526"},{"full_name":"EL CORTE INGLES zumo de manzana 100% fruta envase 1 l","name":"zumo de manzana 100% fruta envase 1 l","brand":"EL CORTE INGLES ","img":"https://sgfm.elcorteingles.es/SGFM/dctm/MEDIA03/201703/06/00118827000441____1__600x600.jpg","price":"2,05 €","price_unit":"(2,05 € / Litro)","categories":["Supermercado","Bebidas","Agua, Refrescos y Zumos","Zumos y néctares","Zumos refrigerados","EL CORTE INGLES zumo de manzana 100% fruta envase 1 l"],"general_information":["Denominación del alimento: ZUMO DE MANZANA","Nombre del operador: Elaborado para El Corte Inglés por\nAMC JUICES, S.L., \nCtra.Madrid-Cartagena Km 383\n30100 Espinardo (Murcia) - España","Número de raciones por envase: 5"],"ingredients":[" INGREDIENTES:\n\nZumo de manzana\nNo procedente de concentrado (zumo directo)\n\n200 ml equivalen a 1 de las 5 raciones diarias de fruta y verdura recomendadas"],"conservation":" Conservar refrigerado. \nUna vez abierto, consumir en un plazo de 4 días.","ean":"8433329014533"},{"full_name":"EL CORTE INGLES zumo exprimido de uva roja, granada y grosella 100% fruta seleccionada botella 750 ml","name":"zumo exprimido de uva roja, granada y grosella 100% fruta seleccionada botella 750 ml","brand":"EL CORTE INGLES ","img":"https://sgfm.elcorteingles.es/SGFM/dctm/MEDIA03/201712/04/00118827000862____6__600x600.jpg","price":"2,39 €","price_unit":"(3,19 € / Litro)","categories":["Supermercado","Bebidas","Agua, Refrescos y Zumos","Zumos y néctares","Zumos refrigerados","EL CORTE INGLES zumo exprimido de uva roja, granada y grosella 100% fruta seleccionada botella 750 ml"],"general_information":["Denominación del alimento: ZUMO DE UVA ROJA, GRANADA Y GROSELLA","Nombre del operador: Elaborado para El Corte Inglés por\nAMC JUICES, S.L., \nCtra.Madrid-Cartagena Km 383\n30100 Espinardo (Murcia) - España","Número de raciones por envase: 3"],"ingredients":[" INGREDIENTES:\n\nZumo de uva roja (65%), zumo de granada (25%) y zumo de grosella (10%).\n\nNo procedente de concentrado (zumo directo)\n\n200 ml equivalen a 1 de las 5 raciones diarias de fruta y verdura recomendadas"],"conservation":" Conservar refrigerado. \nUna vez abierto, consumir en un plazo de 4 días.","ean":"8433329035279"},{"full_name":"EL CORTE INGLES zumo exprimido de uva Merlot botella 750 ml","name":"zumo exprimido de uva Merlot botella 750 ml","brand":"EL CORTE INGLES ","img":"https://sgfm.elcorteingles.es/SGFM/dctm/MEDIA03/201709/11/00118827000854____1__600x600.jpg","price":"2,39 €","price_unit":"(3,19 € / Litro)","categories":["Supermercado","Bebidas","Agua, Refrescos y Zumos","Zumos y néctares","Zumos refrigerados","EL CORTE INGLES zumo exprimido de uva Merlot botella 750 ml"],"general_information":["Denominación del alimento: ZUMO DE UVA","Nombre del operador: Elaborado para El Corte Inglés por\nAMC JUICES, S.L., \nCtra.Madrid-Cartagena Km 383\n30100 Espinardo (Murcia) - España","Número de raciones por envase: 3"],"ingredients":[" Ingredientes: Zumo de uva. \nNo procedente de concentrado (zumo directo)"],"conservation":" Conservar refrigerado. \nUna vez abierto, consumir en un plazo de 4 días.","ean":"8433329035293"},{"full_name":"EL CORTE INGLES zumo tropical con kale envase 750 ml","name":"zumo tropical con kale envase 750 ml","brand":"EL CORTE INGLES ","img":"https://sgfm.elcorteingles.es/SGFM/dctm/MEDIA03/201706/14/00118827001316____6__600x600.jpg","price":"2,45 €","price_unit":"(3,27 € / Litro)","categories":["Supermercado","Bebidas","Agua, Refrescos y Zumos","Zumos y néctares","Zumos refrigerados","EL CORTE INGLES zumo tropical con kale envase 750 ml"],"general_information":["Denominación del alimento: Bebida de zumo de frutas con Kale","Nombre del operador: Elaborado para El Corte Inglés por\nAMC JUICES, S.L., \nCtra.Madrid-Cartagena Km 383\n30100 Espinardo (Murcia) - España","Número de raciones por envase: aproximadament"],"ingredients":[" Ingredientes: \nZumo y puré de manzana (60,7%), zumo de piña (24%),\npuré de mango (8%), puré de maracuyá (5%), \npuré de kale (2%), concentrado (spirulina y cártamo), \nestabilizante: pectina."],"conservation":" Conservar refrigerado. \nUna vez abierto, consumir en un plazo de 4 días.","ean":"8433329081122"},{"full_name":"EL CORTE INGLES smoothie de manzana, kiwi y piña 100% natural botella 250 ml","name":"smoothie de manzana, kiwi y piña 100% natural botella 250 ml","brand":"EL CORTE INGLES ","img":"https://sgfm.elcorteingles.es/SGFM/dctm/MEDIA03/201707/17/00118827200702____1__600x600.jpg","price":"1,39 €","price_unit":"(5,56 € / Litro)","categories":["Supermercado","Bebidas","Agua, Refrescos y Zumos","Zumos y néctares","Zumos refrigerados","EL CORTE INGLES smoothie de manzana, kiwi y piña 100% natural botella 250 ml"],"general_information":["Denominación del alimento: Mezcla de zumos y purés de frutas con espirulina.","Nombre del operador: Elaborado para El Corte Inglés por\nAMC JUICES, S.L., \nCtra.Madrid-Cartagena Km 383\n30100 Espinardo (Murcia) - España"],"ingredients":[" Ingredientes: \nZumo y puré de manzana (53%), puré de kiwi (20%), zumo de piña (18%), zumo de uva, zumo de lima, concentrado (espirulina)."],"conservation":" Conservar refrigerado. \nUna vez abierto, consumir en un plazo de 4 días.","ean":"8433329081184"},{"full_name":"EL CORTE INGLES smoothie de manzana y frutas del bosque 100% natural botella 250 ml","name":"smoothie de manzana y frutas del bosque 100% natural botella 250 ml","brand":"EL CORTE INGLES ","img":"https://sgfm.elcorteingles.es/SGFM/dctm/MEDIA03/201707/17/00118827200710____1__600x600.jpg","price":"1,39 €","price_unit":"(5,56 € / Litro)","categories":["Supermercado","Bebidas","Agua, Refrescos y Zumos","Zumos y néctares","Zumos refrigerados","EL CORTE INGLES smoothie de manzana y frutas del bosque 100% natural botella 250 ml"],"general_information":["Denominación del alimento: Mezcla de zumos y purés de frutas","Nombre del operador: Elaborado para El Corte Inglés por\nAMC JUICES, S.L., \nCtra.Madrid-Cartagena Km 383\n30100 Espinardo (Murcia) - España"],"ingredients":[" Ingredientes: \nZumo de manzana (51%), puré de fresa (17%) , puré de plátano, \npuré de frambuesa (12%), puré de arándano azul (6%)."],"conservation":" Conservar refrigerado. \nUna vez abierto, consumir en un plazo de 4 días.","ean":"8433329081207"},{"full_name":"EL CORTE INGLES smoothie de manzana, piña, mango y maracuyá 100% natural botella 250 ml","name":"smoothie de manzana, piña, mango y maracuyá 100% natural botella 250 ml","brand":"EL CORTE INGLES ","img":"https://sgfm.elcorteingles.es/SGFM/dctm/MEDIA03/201707/17/00118827200728____1__600x600.jpg","price":"1,39 €","price_unit":"(5,56 € / Litro)","categories":["Supermercado","Bebidas","Agua, Refrescos y Zumos","Zumos y néctares","Zumos refrigerados","EL CORTE INGLES smoothie de manzana, piña, mango y maracuyá 100% natural botella 250 ml"],"general_information":["Denominación del alimento: Mezcla de zumos y purés de frutas","Nombre del operador: Elaborado para El Corte Inglés por\nAMC JUICES, S.L., \nCtra.Madrid-Cartagena Km 383\n30100 Espinardo (Murcia) - España"],"ingredients":[" Ingredientes: \nZumo y puré de manzana (25%), zumo de piña (20%), zumo de naranja, puré de mango (15%) y zumo de maracuyá (6%)."],"conservation":" Conservar refrigerado. \nUna vez abierto, consumir en un plazo de 4 días.","ean":"8433329081191"},{"full_name":"EL CORTE INGLES zumo de piña, manzana y pera con tratamiento de alta presión botella 500 ml","name":"zumo de piña, manzana y pera con tratamiento de alta presión botella 500 ml","brand":"EL CORTE INGLES ","img":"https://sgfm.elcorteingles.es/SGFM/dctm/MEDIA03/201706/07/00118827001274____1__600x600.jpg","price":"3,05 €","price_unit":"(6,10 € / Litro)","categories":["Supermercado","Bebidas","Agua, Refrescos y Zumos","Zumos y néctares","Zumos refrigerados","EL CORTE INGLES zumo de piña, manzana y pera con tratamiento de alta presión botella 500 ml"],"general_information":["Denominación del alimento: zumo de frutas","Nombre del operador: Elaborado para El Corte Inglés por\nAMC JUICES, S.L., \nCtra.Madrid-Cartagena Km 383\n30100 Espinardo (Murcia) - España","Número de raciones por envase: aproximadament"],"ingredients":[" Ingredientes: \nPera (40%), manzana (34,5%), piña (22,45%), lima y \nantioxidante: ácido ascórbico."],"conservation":" Conservar refrigerado. \nUna vez abierto, consumir en un plazo de 4 días.","ean":"8433329081177"},{"full_name":"EL CORTE INGLES zumo de verduras y frutas con tratamiento de alta presión botella 500 ml","name":"zumo de verduras y frutas con tratamiento de alta presión botella 500 ml","brand":"EL CORTE INGLES ","img":"https://sgfm.elcorteingles.es/SGFM/dctm/MEDIA03/201706/07/00118827001282____1__600x600.jpg","price":"3,05 €","price_unit":"(6,10 € / Litro)","categories":["Supermercado","Bebidas","Agua, Refrescos y Zumos","Zumos y néctares","Zumos refrigerados","EL CORTE INGLES zumo de verduras y frutas con tratamiento de alta presión botella 500 ml"],"general_information":["Denominación del alimento: Zumo de frutas y verduras","Nombre del operador: Elaborado para El Corte Inglés por\nAMC JUICES, S.L., \nCtra.Madrid-Cartagena Km 383\n30100 Espinardo (Murcia) - España","Número de raciones por envase: aproximadament"],"ingredients":[" Ingredientes: \nManzana (68%), kiwi (13%), espinacas (10%), \napio (7%), hinojo y lima."],"conservation":" Conservar refrigerado. \nUna vez abierto, consumir en un plazo de 4 días.","ean":"8433329081153"},{"full_name":"EL CORTE INGLES zumo de frutas y menta con tratamiento de alta presión botella 500 ml","name":"zumo de frutas y menta con tratamiento de alta presión botella 500 ml","brand":"EL CORTE INGLES ","img":"https://sgfm.elcorteingles.es/SGFM/dctm/MEDIA03/201706/07/00118827001290____1__600x600.jpg","price":"3,05 €","price_unit":"(6,10 € / Litro)","categories":["Supermercado","Bebidas","Agua, Refrescos y Zumos","Zumos y néctares","Zumos refrigerados","EL CORTE INGLES zumo de frutas y menta con tratamiento de alta presión botella 500 ml"],"general_information":["Denominación del alimento: Zumo de frutas con menta","Nombre del operador: Elaborado para El Corte Inglés por\nAMC JUICES, S.L., \nCtra.Madrid-Cartagena Km 383\n30100 Espinardo (Murcia) - España","Peso neto escurrido: 500 Mililitros","Número de raciones por envase: aproximadament"],"ingredients":[" Ingredientes: Naranja (39,5%), fresa (30%), \nmanzana (30%) y menta (0,5%)."],"conservation":" Conservar refrigerado. \nUna vez abierto, consumir en un plazo de 4 días.","ean":"8433329081160"},{"full_name":"ALIADA zumo de naranja con pulpa envase 1 l","name":"zumo de naranja con pulpa envase 1 l","brand":"ALIADA ","img":"https://sgfm.elcorteingles.es/SGFM/00/48/2/0118827000482/0118827000482000g01011.jpg","price":"1,25 €","price_unit":"(1,25 € / Litro)","categories":["Supermercado","Bebidas","Agua, Refrescos y Zumos","Zumos y néctares","Zumos refrigerados","ALIADA zumo de naranja con pulpa envase 1 l"],"general_information":["Denominación del alimento: Zumo de naranja con pulpa","Nombre del operador: Elaborado para el\n Grupo El Corte Inglés \nHermosilla, 112 ? 28009 Madrid ? España \npor N.I.F.:  A-08267403","Número de raciones por envase: 5.0"],"ingredients":[" Ingredientes: 100% ZUMO DE NARANJA EXPRIMIDA CON PULPA"],"conservation":" Mantener refrigerado entre 2º y 8º\nUna vez abierto, consumir en un plazo de 3 días","ean":"8433329060059"},{"full_name":"ALIADA zumo de naranja sin pulpa envase 1 l","name":"zumo de naranja sin pulpa envase 1 l","brand":"ALIADA ","img":"https://sgfm.elcorteingles.es/SGFM/00/49/0/0118827000490/0118827000490000g01011.jpg","price":"1,25 €","price_unit":"(1,25 € / Litro)","categories":["Supermercado","Bebidas","Agua, Refrescos y Zumos","Zumos y néctares","Zumos refrigerados","ALIADA zumo de naranja sin pulpa envase 1 l"],"general_information":["Denominación del alimento: Zumo de naranja sin pulpa","Nombre del operador: Elaborado para el\n Grupo El Corte Inglés \nHermosilla, 112 ? 28009 Madrid ? España \npor N.I.F.:  A-08267403","Número de raciones por envase: 5.0"],"ingredients":[" Ingredientes: 100% ZUMO DE NARANJA EXPRIMIDA SIN PULPA"],"conservation":" Mantener refrigerado entre 2º y 8º\nUna vez abierto, consumir en un plazo de 3 días","ean":"8433329060066"},{"full_name":"ALIADA zumo de mandarina envase 1 l","name":"zumo de mandarina envase 1 l","brand":"ALIADA ","img":"https://sgfm.elcorteingles.es/SGFM/dctm/MEDIA03/201607/15/00118827000508____1__600x600.jpg","price":"1,25 €","price_unit":"(1,25 € / Litro)","categories":["Supermercado","Bebidas","Agua, Refrescos y Zumos","Zumos y néctares","Zumos refrigerados","ALIADA zumo de mandarina envase 1 l"],"general_information":["Denominación del alimento: Zumo de mandarina","Nombre del operador: Elaborado para el\n Grupo El Corte Inglés \nHermosilla, 112 ? 28009 Madrid ? España \npor N.I.F.:  A-08267403","Número de raciones por envase: 5.0"],"ingredients":[" Ingredientes: 100% ZUMO DE MANDARINA EXPRIMIDA"],"conservation":" Mantener refrigerado entre 2º y 8º\nUna vez abierto, consumir en un plazo de 3 días","ean":"8433329060073"},{"full_name":"FELIXIA zumo de zanahoria + naranja solo fruta fresca botella 1 l","name":"zumo de zanahoria + naranja solo fruta fresca botella 1 l","brand":"FELIXIA ","img":"https://sgfm.elcorteingles.es/SGFM/dctm/MEDIA03/201703/15/00202080300177____2__600x600.jpg","price":"3,49 €","price_unit":"(3,49 € / Litro)","categories":["Supermercado","Bebidas","Agua, Refrescos y Zumos","Zumos y néctares","Zumos refrigerados","FELIXIA zumo de zanahoria + naranja solo fruta fresca botella 1 l"],"general_information":[],"ingredients":[],"ean":"8428551714320"},{"full_name":"FELIXIA Zumo de naranja Solo Fruta Fresca botella 1 l","name":"Zumo de naranja Solo Fruta Fresca botella 1 l","brand":"FELIXIA ","img":"https://sgfm.elcorteingles.es/SGFM/dctm/MEDIA03/201703/15/00118180100077____1__600x600.jpg","price":"3,49 €","price_unit":"(3,49 € / Litro)","categories":["Supermercado","Bebidas","Agua, Refrescos y Zumos","Zumos y néctares","Zumos refrigerados","FELIXIA Zumo de naranja Solo Fruta Fresca botella 1 l"],"general_information":[],"ingredients":[],"ean":"8428551714306"},{"full_name":"FELIXIA zumo de manzana + naranja solo fruta fresca botella 1 l","name":"zumo de manzana + naranja solo fruta fresca botella 1 l","brand":"FELIXIA ","img":"https://sgfm.elcorteingles.es/SGFM/dctm/MEDIA03/201703/15/00202080300169____1__600x600.jpg","price":"3,49 €","price_unit":"(3,49 € / Litro)","categories":["Supermercado","Bebidas","Agua, Refrescos y Zumos","Zumos y néctares","Zumos refrigerados","FELIXIA zumo de manzana + naranja solo fruta fresca botella 1 l"],"general_information":[],"ingredients":[],"ean":"8428551714313"},{"full_name":"FELIXIA zumo de mandarina botella 1 l","name":"zumo de mandarina botella 1 l","brand":"FELIXIA ","img":"https://sgfm.elcorteingles.es/SGFM/dctm/MEDIA03/201704/05/00118180400048____1__600x600.jpg","price":"3,49 €","price_unit":"(3,49 € / Litro)","categories":["Supermercado","Bebidas","Agua, Refrescos y Zumos","Zumos y néctares","Zumos refrigerados","FELIXIA zumo de mandarina botella 1 l"],"general_information":[],"ingredients":[],"ean":"8428551715280"},{"full_name":"FELIXIA zumo de naranja y fresa botella 1 l","name":"zumo de naranja y fresa botella 1 l","brand":"FELIXIA ","img":"https://sgfm.elcorteingles.es/SGFM/dctm/MEDIA03/201703/15/00202080300813____2__600x600.jpg","price":"3,49 €","price_unit":"(3,49 € / Litro)","categories":["Supermercado","Bebidas","Agua, Refrescos y Zumos","Zumos y néctares","Zumos refrigerados","FELIXIA zumo de naranja y fresa botella 1 l"],"general_information":[],"ingredients":[],"ean":"8428551714337"},{"full_name":"FELIXIA zumo de guanábana botella 750 ml","name":"zumo de guanábana botella 750 ml","brand":"FELIXIA ","img":"https://sgfm.elcorteingles.es/SGFM/dctm/MEDIA03/201703/15/00118180300867____1__600x600.jpg","price":"4,99 €","price_unit":"(6,65 € / Litro)","categories":["Supermercado","Bebidas","Agua, Refrescos y Zumos","Zumos y néctares","Zumos refrigerados","FELIXIA zumo de guanábana botella 750 ml"],"general_information":[],"ingredients":[],"ean":"8428551717321"},{"full_name":"FELIXIA zumo naranja y mango botella 1 l","name":"zumo naranja y mango botella 1 l","brand":"FELIXIA ","img":"https://sgfm.elcorteingles.es/SGFM/dctm/MEDIA03/201603/11/00202080300136____2__600x600.jpg","price":"3,49 €","price_unit":"(3,49 € / Litro)","categories":["Supermercado","Bebidas","Agua, Refrescos y Zumos","Zumos y néctares","Zumos refrigerados","FELIXIA zumo naranja y mango botella 1 l"],"general_information":[],"ingredients":[],"ean":"8428551714481"},{"full_name":"FELIXIA zumo de guanábana + menta botella 750 ml","name":"zumo de guanábana + menta botella 750 ml","brand":"FELIXIA ","img":"https://sgfm.elcorteingles.es/SGFM/dctm/MEDIA03/201703/15/00118180300875____1__600x600.jpg","price":"4,99 €","price_unit":"(6,65 € / Litro)","categories":["Supermercado","Bebidas","Agua, Refrescos y Zumos","Zumos y néctares","Zumos refrigerados","FELIXIA zumo de guanábana + menta botella 750 ml"],"general_information":[],"ingredients":[],"ean":"8428551717314"},{"full_name":"SONATURAL zumo menta limón botella 750 ml","name":"zumo menta limón botella 750 ml","brand":"SONATURAL ","img":"https://sgfm.elcorteingles.es/SGFM/dctm/MEDIA03/201709/01/00118180300305____2__600x600.jpg","price":"4,99 €","price_unit":"(6,65 € / Litro)","categories":["Supermercado","Bebidas","Agua, Refrescos y Zumos","Zumos y néctares","Zumos refrigerados","SONATURAL zumo menta limón botella 750 ml"],"general_information":["Denominación del alimento: Zumo de Manzana, Limón y Menta","Nombre del operador: Comfresh Iberia SL","Dirección del operador: Mercamadrid, S/N. 28053  Madrid, Madrid.","Cantidad Neta: 750 Mililitros"],"ingredients":[" Manzana 89.6%, limón 10%, menta 0.4% y ácido Ascorbico."],"conservation":" Conservar siempre refrigerado. Después de la apertura consumir en el plazo máximo de 24 horas. (máximo 5°C)","ean":"5603493003494"},{"full_name":"SONATURAL zumo de granada, manzana y limón botella 750 ml","name":"zumo de granada, manzana y limón botella 750 ml","brand":"SONATURAL ","img":"https://sgfm.elcorteingles.es/SGFM/dctm/MEDIA03/201709/01/00118180300289____3__600x600.jpg","price":"7,99 €","price_unit":"(10,65 € / Litro)","categories":["Supermercado","Bebidas","Agua, Refrescos y Zumos","Zumos y néctares","Zumos refrigerados","SONATURAL zumo de granada, manzana y limón botella 750 ml"],"general_information":["Denominación del alimento: Zumo de Granada, manzana y limón","Nombre del operador: Comfresh Iberia SL","Dirección del operador: Mercamadrid, S/N. 28053  Madrid, Madrid.","Cantidad Neta: 750 Mililitros"],"ingredients":[" Granada 50%, manzana 46%, limón 4%, menta 0.4% y ácido Ascorbico."],"conservation":" Conservar siempre refrigerado. Después de la apertura consumir en el plazo máximo de 24 horas. (máximo 5°C)","ean":"5603493003449"},{"full_name":"SONATURAL zumo de aguacate botella 750 ml","name":"zumo de aguacate botella 750 ml","brand":"SONATURAL ","img":"https://sgfm.elcorteingles.es/SGFM/dctm/MEDIA03/201709/01/00118180300321____3__600x600.jpg","price":"4,99 €","price_unit":"(0,67 € / Litro)","categories":["Supermercado","Bebidas","Agua, Refrescos y Zumos","Zumos y néctares","Zumos refrigerados","SONATURAL zumo de aguacate botella 750 ml"],"general_information":["Denominación del alimento: Zumo de Aguacate","Nombre del operador: Comfresh Iberia SL","Dirección del operador: Mercamadrid, S/N. 28053  Madrid, Madrid.","Cantidad Neta: 750 Mililitros"],"ingredients":[" Manzana 45%, pera 20%, aguacate 14%, pepino 13%, espinaca 8% y ácido ascorbico."],"conservation":" Conservar siempre refrigerado. Después de la apertura consumir en el plazo máximo de 24 horas. (máximo 5°C)","ean":"5603493003364"},{"full_name":"SONATURAL zumo de jengibre botella 750 cl","name":"zumo de jengibre botella 750 cl","brand":"SONATURAL ","img":"https://sgfm.elcorteingles.es/SGFM/dctm/MEDIA03/201709/01/00118180300693____3__600x600.jpg","price":"4,99 €","price_unit":"(499 € / Litro)","categories":["Supermercado","Bebidas","Agua, Refrescos y Zumos","Zumos y néctares","Zumos refrigerados","SONATURAL zumo de jengibre botella 750 cl"],"general_information":["Denominación del alimento: Zumo jengibre","Nombre del operador: Comfresh Iberia SL","Dirección del operador: Mercamadrid, S/N. 28053  Madrid, Madrid.","Cantidad Neta: 750 Mililitros"],"ingredients":[" Manzana 75%, Jengibre 25% y ácido Ascorbico."],"conservation":" Conservar siempre refrigerado. Después de la apertura consumir en el plazo máximo de 24 horas. (máximo 5°C)","ean":"5603493003432"},{"full_name":"ZUMOSOL zumo de naranja con pulpa botella 750 ml","name":"zumo de naranja con pulpa botella 750 ml","brand":"ZUMOSOL ","img":"https://sgfm.elcorteingles.es/SGFM/dctm/MEDIA02/CONTENIDOS/201410/14/00118827000110____1__600x600.jpg","price":"1,84 €","price_unit":"(2,45 € / Litro)","categories":["Supermercado","Bebidas","Agua, Refrescos y Zumos","Zumos y néctares","Zumos refrigerados","ZUMOSOL zumo de naranja con pulpa botella 750 ml"],"general_information":["Denominación del alimento: Zumo Refrigerado de Naranja Exprimida con Pulpa","Nombre del operador: Zumos Palma S.L.U","Dirección del operador: Pol. Industrial Mataché, Parc 18-53, 14700 Palma del Río, Córdoba.","Cantidad Neta: 750 Mililitros"],"ingredients":[" 100% Zumo de naranja y pulpa de naranja"],"conservation":" Conservar refrigerado. Una vez abierto el envase consumir en un maximo de 4 dias","ean":"8410128480677"},{"full_name":"ZUMOSOL zumo de naranja sin pulpa botella 750 ml","name":"zumo de naranja sin pulpa botella 750 ml","brand":"ZUMOSOL ","img":"https://sgfm.elcorteingles.es/SGFM/dctm/MEDIA02/CONTENIDOS/201410/14/00118827000136____1__600x600.jpg","price":"1,84 €","price_unit":"(2,45 € / Litro)","categories":["Supermercado","Bebidas","Agua, Refrescos y Zumos","Zumos y néctares","Zumos refrigerados","ZUMOSOL zumo de naranja sin pulpa botella 750 ml"],"general_information":["Denominación del alimento: Zumo Refrigerado de Naranja Exprimida sin Pulpa","Nombre del operador: Zumos Palma S.L.U","Dirección del operador: Pol. Industrial Mataché, Parc 18-53, 14700 Palma del Río, Córdoba.","Cantidad Neta: 750 Mililitros"],"ingredients":[" 100% Zumo de naranja exprimida"],"conservation":" Conservar refrigerado. Una vez abierto el envase consumir en un maximo de 4 dias","ean":"8410128480691"},{"full_name":"ZUMOSOL zumo de naranjas ecológicas sin pulpa botella 750 ml","name":"zumo de naranjas ecológicas sin pulpa botella 750 ml","brand":"ZUMOSOL ","img":"https://sgfm.elcorteingles.es/SGFM/dctm/MEDIA02/CONTENIDOS/201510/14/00118852000043____1__600x600.jpg","price":"2,23 €","price_unit":"(2,97 € / Litro)","categories":["Supermercado","Bebidas","Agua, Refrescos y Zumos","Zumos y néctares","Zumos refrigerados","ZUMOSOL zumo de naranjas ecológicas sin pulpa botella 750 ml"],"general_information":["Denominación del alimento: Zumo Refrigerado de Naranja Ecológica Exprimida sin Pulpa","Nombre del operador: Zumos Palma S.L.U","Dirección del operador: Pol. Industrial Mataché, Parc 18-53, 14700 Palma del Río, Córdoba.","Cantidad Neta: 750 Mililitros","Otras menciones obligatorias en la etiqueta: ES-ECO-001-AN AGRICULTURA UE"],"ingredients":[" 100% Zumo de naranja ecologica exprimida"],"conservation":" Conservar refrigerado. Una vez abierto el envase consumir en un maximo de 4 dias","ean":"8435425102046"},{"full_name":"ZUMOSOL zumo de uvas negras, fresas y arándanos botella 750 ml","name":"zumo de uvas negras, fresas y arándanos botella 750 ml","brand":"ZUMOSOL ","img":"https://sgfm.elcorteingles.es/SGFM/dctm/MEDIA02/CONTENIDOS/201510/14/00118827001100____1__600x600.jpg","price":"2,17 €","price_unit":"(2,89 € / Litro)","categories":["Supermercado","Bebidas","Agua, Refrescos y Zumos","Zumos y néctares","Zumos refrigerados","ZUMOSOL zumo de uvas negras, fresas y arándanos botella 750 ml"],"general_information":["Denominación del alimento: Zumo Refrigerado de Uva Tinta-Fresa-Arándano Exprimidos","Nombre del operador: Zumos Palma S.L.U","Dirección del operador: Pol. Industrial Mataché, Parc 18-53, 14700 Palma del Río, Córdoba.","Cantidad Neta: 750 Mililitros"],"ingredients":[" Zumo exprimido de uva tinta (92%), pure de fresa (4%) y zumo exprimido de arandano (4%)"],"conservation":" Conservar refrigerado. Una vez abierto el envase consumir en un maximo de 4 dias","ean":"8435425102206"},{"full_name":"ZUMOSOL zumo natural 100% de zanahoria, manzana, remolacha y fresa botella 300 ml","name":"zumo natural 100% de zanahoria, manzana, remolacha y fresa botella 300 ml","brand":"ZUMOSOL ","img":"https://sgfm.elcorteingles.es/SGFM/dctm/MEDIA03/201603/16/00118827001159____1__600x600.jpg","price":"2,05 €","price_unit":"(6,83 € / Litro)","categories":["Supermercado","Bebidas","Agua, Refrescos y Zumos","Zumos y néctares","Zumos refrigerados","ZUMOSOL zumo natural 100% de zanahoria, manzana, remolacha y fresa botella 300 ml"],"general_information":["Denominación del alimento: Zumo de Manzana, Zanahoria, Remolacha y Fresa","Nombre del operador: Zumos Palma S.L.U","Dirección del operador: Pol. Industrial Mataché, Parc 18-53, 14700 Palma del Río, Córdoba.","Cantidad Neta: 300 Mililitros"],"ingredients":[" Zumo exprimido de manzana (70%), puré de zanahoria (12%), puré de remolacha (9%) y puré de fresa (9%)"],"conservation":" Conservar refrigerado. Una vez abierto el envase consumir en un maximo de 4 dias","ean":"8435425103401"},{"full_name":"ZUMOSOL zumo natural 100% de piña, espinacas, berza y manzana botella 750 ml","name":"zumo natural 100% de piña, espinacas, berza y manzana botella 750 ml","brand":"ZUMOSOL ","img":"https://sgfm.elcorteingles.es/SGFM/dctm/MEDIA03/201603/16/00118827001126____1__600x600.jpg","price":"3,05 €","price_unit":"(4,07 € / Litro)","categories":["Supermercado","Bebidas","Agua, Refrescos y Zumos","Zumos y néctares","Zumos refrigerados","ZUMOSOL zumo natural 100% de piña, espinacas, berza y manzana botella 750 ml"],"general_information":[],"ingredients":[],"ean":"8435425103555"},{"full_name":"TROPICANA PURE PREMIUM zumo de naranja sin pulpa envase 1 l","name":"zumo de naranja sin pulpa envase 1 l","brand":"TROPICANA PURE PREMIUM ","img":"https://sgfm.elcorteingles.es/SGFM/dctm/MEDIA03/201710/24/00118827000540____1__600x600.jpg","price":"2,44 €","price_unit":"(2,44 € / Litro)","categories":["Supermercado","Bebidas","Agua, Refrescos y Zumos","Zumos y néctares","Zumos refrigerados","TROPICANA PURE PREMIUM zumo de naranja sin pulpa envase 1 l"],"general_information":["Denominación del alimento: Zumo de Naranja","Nombre del operador: PepsiCo Foods. A.I.E.","Dirección del operador: C/Tarragona. 161. 6ª. 08014 - Barcelona","Cantidad Neta: 1 Litros"],"ingredients":[" Zumo de naranja (100%)."],"conservation":" Mantener refrigerado máx. 7°C. Consumir antes de 5 días después de abierto.","ean":"8422174010326"},{"full_name":"TROPICANA PURE PREMIUM zumo de naranja original con pulpa envase 1 l","name":"zumo de naranja original con pulpa envase 1 l","brand":"TROPICANA PURE PREMIUM ","img":"https://sgfm.elcorteingles.es/SGFM/dctm/MEDIA03/201710/24/00118827000045____1__600x600.jpg","price":"2,44 €","price_unit":"(2,44 € / Litro)","categories":["Supermercado","Bebidas","Agua, Refrescos y Zumos","Zumos y néctares","Zumos refrigerados","TROPICANA PURE PREMIUM zumo de naranja original con pulpa envase 1 l"],"general_information":["Denominación del alimento: Zumo de Naranja","Nombre del operador: PepsiCo Foods. A.I.E.","Dirección del operador: C/Tarragona. 161. 6ª. 08014 - Barcelona","Lugar de procedencia del alimento: España","Cantidad Neta: 1 Litros"],"ingredients":[" Zumo de naranja (100%)."],"conservation":" Mantener refrigerado máx. 7°C. Consumir antes de 5 días después de abierto.","ean":"8422174010012"},{"full_name":"TROPICANA PURE PREMIUM zumo de manzana envase 1 l","name":"zumo de manzana envase 1 l","brand":"TROPICANA PURE PREMIUM ","img":"https://sgfm.elcorteingles.es/SGFM/dctm/MEDIA02/CONTENIDOS/201504/14/00118827000797____1__600x600.jpg","price":"2,44 €","price_unit":"(2,44 € / Litro)","categories":["Supermercado","Bebidas","Agua, Refrescos y Zumos","Zumos y néctares","Zumos refrigerados","TROPICANA PURE PREMIUM zumo de manzana envase 1 l"],"general_information":["Denominación del alimento: Zumo de Manzana","Nombre del operador: PepsiCo Foods. A.I.E.","Dirección del operador: C/Tarragona. 161. 6ª. 08014 - Barcelona","Cantidad Neta: 1 Litros"],"ingredients":[" Zumo de manzana (100%). antioxidante (ácido ascórbico)."],"conservation":" Mantener refrigerado máx. 7°C. Consumir antes de 5 días después de abierto.","ean":"8422174010081"},{"full_name":"TROPICANA PURE PREMIUM zumo de multifrutas de naranaja, mandarian, uva blanca y plátano envase 1 l","name":"zumo de multifrutas de naranaja, mandarian, uva blanca y plátano envase 1 l","brand":"TROPICANA PURE PREMIUM ","img":"https://sgfm.elcorteingles.es/SGFM/00/80/5/0118827000805/0118827000805000g01011.jpg","price":"2,44 €","price_unit":"(2,44 € / Litro)","categories":["Supermercado","Bebidas","Agua, Refrescos y Zumos","Zumos y néctares","Zumos refrigerados","TROPICANA PURE PREMIUM zumo de multifrutas de naranaja, mandarian, uva blanca y plátano envase 1 l"],"general_information":["Denominación del alimento: Zumo de naranja. mandarina. uva blanca y plátano.","Nombre del operador: PepsiCo Foods. A.I.E.","Dirección del operador: C/Tarragona. 161. 6ª. 08014 - Barcelona","Cantidad Neta: 1 Litros"],"ingredients":[" Zumo de naranja (47%). mandarina (30%) y uva blanca (19%). puré de plátano (4%)"],"conservation":" Mantener refrigerado máx. 7°C. Consumir antes de 5 días después de abierto.","ean":"8422174010555"},{"full_name":"TROPICANA PURE PREMIUM zumo de piña envase 1 l","name":"zumo de piña envase 1 l","brand":"TROPICANA PURE PREMIUM ","img":"https://sgfm.elcorteingles.es/SGFM/00/81/3/0118827000813/0118827000813000g01011.jpg","price":"2,84 €","price_unit":"(2,84 € / Litro)","categories":["Supermercado","Bebidas","Agua, Refrescos y Zumos","Zumos y néctares","Zumos refrigerados","TROPICANA PURE PREMIUM zumo de piña envase 1 l"],"general_information":["Denominación del alimento: Zumo de Piña","Nombre del operador: PepsiCo Foods. A.I.E.","Dirección del operador: C/Tarragona. 161. 6ª. 08014 - Barcelona","Cantidad Neta: 1 Litros"],"ingredients":[" Zumo de piña (100%)"],"conservation":" Mantener refrigerado máx. 7°C. Consumir antes de 5 días después de abierto.","ean":"8422174010333"},{"full_name":"DON SIMON zumo de naranja con pulpa envase 1 l","name":"zumo de naranja con pulpa envase 1 l","brand":"DON SIMON ","img":"https://sgfm.elcorteingles.es/SGFM/dctm/MEDIA03/201605/25/00118827001076____2__600x600.jpg","price":"2,00 €","price_unit":"(2 € / Litro)","categories":["Supermercado","Bebidas","Agua, Refrescos y Zumos","Zumos y néctares","Zumos refrigerados","DON SIMON zumo de naranja con pulpa envase 1 l"],"general_information":["Denominación del alimento: Zumo de naranja","País de origen: España","Nombre del operador: JGC S.A","Dirección del operador: C/Jorge Juan, 73 28009 Madrid España","Cantidad Neta: 1 Litros"],"ingredients":[" Zumo de naranja con su pulpa natural"],"conservation":" Una vez abierto, conservar en el frigorífico Agitar antes de consumir","ean":"8410261761114"},{"full_name":"DON SIMON zumo de naranja sin pulpa envase 1 l","name":"zumo de naranja sin pulpa envase 1 l","brand":"DON SIMON ","img":"https://sgfm.elcorteingles.es/SGFM/dctm/MEDIA03/201704/17/00118827001084____3__600x600.jpg","price":"2,00 €","price_unit":"(2 € / Litro)","categories":["Supermercado","Bebidas","Agua, Refrescos y Zumos","Zumos y néctares","Zumos refrigerados","DON SIMON zumo de naranja sin pulpa envase 1 l"],"general_information":["Denominación del alimento: Zumo de naranja","País de origen: España","Nombre del operador: JGC S.A","Dirección del operador: C/Jorge Juan, 73 28009 Madrid España","Cantidad Neta: 1 Litros"],"ingredients":[" Zumo de naranja"],"conservation":" Tras su apertura, conservar en el frigorífico Agitar antes de consumir","ean":"8410261761121"},{"full_name":"DON SIMON La Huerta zumo de naranja con pulpa envase 1 l","name":"La Huerta zumo de naranja con pulpa envase 1 l","brand":"DON SIMON ","img":"https://sgfm.elcorteingles.es/SGFM/dctm/MEDIA03/201705/03/00118827001258____1__600x600.jpg","price":"2,60 €","price_unit":"(2,60 € / Litro)","categories":["Supermercado","Bebidas","Agua, Refrescos y Zumos","Zumos y néctares","Zumos refrigerados","DON SIMON La Huerta zumo de naranja con pulpa envase 1 l"],"general_information":[],"ingredients":[],"ean":"8410261779003"},{"full_name":"DON SIMON zumo vegetal de zanahoria y naranja envase 1","name":"zumo vegetal de zanahoria y naranja envase 1 ","brand":"DON SIMON ","img":"https://sgfm.elcorteingles.es/SGFM/dctm/MEDIA03/201609/14/00118827001183____1__600x600.jpg","price":"2,00 €","price_unit":"(2 € / Litro)","categories":["Supermercado","Bebidas","Agua, Refrescos y Zumos","Zumos y néctares","Zumos refrigerados","DON SIMON zumo vegetal de zanahoria y naranja envase 1"],"general_information":["Denominación del alimento: Frutas y vegetales (NARANJA-ZANAHORIA).","País de origen: España","Nombre del operador: JGC S.A","Dirección del operador: C/Jorge Juan, 73 28009 Madrid España","Cantidad Neta: 1 Litros"],"ingredients":[" Zumo de naranja (75%), zumo de zanahoria (25%) y vitamina C"],"conservation":" Conservar refrigerado. Agitar antes de servir","ean":"8410261777016"},{"full_name":"DON SIMON smoothie de frutos rojos botella 750 ml","name":"smoothie de frutos rojos botella 750 ml","brand":"DON SIMON ","img":"https://sgfm.elcorteingles.es/SGFM/dctm/MEDIA03/201707/24/00118827200678____1__600x600.jpg","price":"2,09 €","price_unit":"(2,79 € / Kilo)","categories":["Supermercado","Bebidas","Agua, Refrescos y Zumos","Zumos y néctares","Zumos refrigerados","DON SIMON smoothie de frutos rojos botella 750 ml"],"general_information":["Denominación del alimento: Smoothie: Mezcla de purés y zumo de frutas","Nombre del operador: JGC LM S.A.","Dirección del operador: Pol Ind C/Guarnicioneros S/N 13250 Daimiel (Ciudad Real)","Cantidad Neta: 750 Mililitros"],"ingredients":[" Zumo de manzana (39%), puré de plátano (20%), zumo de uva (10%), puré de fresa (9%), puré de mora (8%), puré de frambuesa (7%), pulpa de naranja (5%), puré de grosella negra (2%)"],"conservation":" Conservar refrigerado Agitar antes de consumir","ean":"8410261768106"},{"full_name":"DON SIMON smoothie mango y maracuya envase 750 ml","name":"smoothie mango y maracuya envase 750 ml","brand":"DON SIMON ","img":"https://sgfm.elcorteingles.es/SGFM/dctm/MEDIA03/201703/15/00118827200694____1__600x600.jpg","price":"2,09 €","price_unit":"(2,79 € / Litro)","categories":["Supermercado","Bebidas","Agua, Refrescos y Zumos","Zumos y néctares","Zumos refrigerados","DON SIMON smoothie mango y maracuya envase 750 ml"],"general_information":["Denominación del alimento: Smoothie: Mezcla de purés y zumo de frutas","Nombre del operador: JGC LM S.A.","Dirección del operador: Pol Ind C/Guarnicioneros S/N 13250 Daimiel (Ciudad Real)","Cantidad Neta: 750 Mililitros"],"ingredients":[" Zumo de manzana (52%), puré de mango (16%), puré  de plátano (15%), zumo de naranja (10%), zumo de maracuyá (4%), puré de melocotón (2%), zumo de limon"],"conservation":" Conservar refrigerado Agitar antes de consumir","ean":"8410261768090"},{"full_name":"PLANETA VERDE zumo de naranjas 100% natural botella 1 l","name":"zumo de naranjas 100% natural botella 1 l","brand":"PLANETA VERDE ","img":"https://sgfm.elcorteingles.es/SGFM/dctm/MEDIA03/201703/15/00118180100093____1__600x600.jpg","price":"3,99 €","price_unit":"(3,99 € / Litro)","categories":["Supermercado","Bebidas","Agua, Refrescos y Zumos","Zumos y néctares","Zumos refrigerados","PLANETA VERDE zumo de naranjas 100% natural botella 1 l"],"general_information":["Denominación del alimento: Zumo de naranja natural","Nombre del operador: Arc Eurobanan, S.L.","Dirección del operador: Plataforma Baja Parcela B 3,3 Mercamadrid 28053 Madrid","Lugar de procedencia del alimento: España, argentina, Sudafrica","Cantidad Neta: 1000 Mililitros","Otras menciones obligatorias en la etiqueta: Conservar refrigerado"],"ingredients":[" Variedades tipo valencia"],"conservation":" Conservar refrigerado","ean":"8422837123325"},{"full_name":"FRUTAFUL zumo pulpa de frambuesa cosechada a mano en su punto óptimo de maduración botella 80 g","name":"zumo pulpa de frambuesa cosechada a mano en su punto óptimo de maduración botella 80 g","brand":"FRUTAFUL ","img":"https://sgfm.elcorteingles.es/SGFM/00/15/2/0118161600152/0118161600152000g01011.jpg","price":"1,89 €","price_unit":"(23,62 € / Kilo)","categories":["Supermercado","Bebidas","Agua, Refrescos y Zumos","Zumos y néctares","Zumos refrigerados","FRUTAFUL zumo pulpa de frambuesa cosechada a mano en su punto óptimo de maduración botella 80 g"],"general_information":[],"ingredients":[],"ean":"8718421490370"},{"full_name":"JUICY WATER zumo de lima y limón con agua natural botella 420 ml","name":"zumo de lima y limón con agua natural botella 420 ml","brand":"JUICY WATER ","img":"https://sgfm.elcorteingles.es/SGFM/00/53/8/0118827200538/0118827200538000g01011.jpg","price":"1,87 €","price_unit":"(4,45 € / Litro)","categories":["Supermercado","Bebidas","Agua, Refrescos y Zumos","Zumos y néctares","Zumos refrigerados","JUICY WATER zumo de lima y limón con agua natural botella 420 ml"],"general_information":["Denominación del alimento: Agua mineral con lima y limon","País de origen: Reino Unido","Nombre del operador: Primar Iberica. S.A.","Dirección del operador: c/ Angel Guimera 5-7 08930 Sant Adrià Besós","Cantidad Neta: 420 Mililitros"],"ingredients":[" Agua mineral 80%, zumos exprimidos de limón y lima 12% , azúcar."],"ean":"5051469122401"},{"full_name":"JUICY WATER zumo de granada botella 420 ml","name":"zumo de granada botella 420 ml","brand":"JUICY WATER ","img":"https://sgfm.elcorteingles.es/SGFM/dctm/MEDIA02/CONTENIDOS/201406/11/00118827200645____1__600x600.jpg","price":"1,87 €","price_unit":"(4,45 € / Litro)","categories":["Supermercado","Bebidas","Agua, Refrescos y Zumos","Zumos y néctares","Zumos refrigerados","JUICY WATER zumo de granada botella 420 ml"],"general_information":["Denominación del alimento: Agua mineral con granada","País de origen: Reino Unido","Nombre del operador: Primar Iberica. S.A.","Dirección del operador: c/ Angel Guimera 5-7 08930 Sant Adrià Besós","Cantidad Neta: 420 Mililitros"],"ingredients":[" Agua mineral 73%, zumos puros prensados de granada, grosella negra y manzana 20% , azúcar y una pizca de limón."],"ean":"5051469152408"},{"full_name":"VIA NATURE Rojo zumo de granada y manzana con rooibos envase 900 ml","name":"Rojo zumo de granada y manzana con rooibos envase 900 ml","brand":"VIA NATURE ","img":"https://sgfm.elcorteingles.es/SGFM/00/95/3/0118827000953/0118827000953000g01011.jpg","price":"2,75 €","price_unit":"(3,06 € / Litro)","categories":["Supermercado","Bebidas","Agua, Refrescos y Zumos","Zumos y néctares","Zumos refrigerados","VIA NATURE Rojo zumo de granada y manzana con rooibos envase 900 ml"],"general_information":["Denominación del alimento: Bebida de zumo de frutas con edulcorante","País de origen: España","Nombre del operador: AMC JUICES S.L.","Dirección del operador: Ctra. Madrid-Cartagena , km 390. 30100 Espinardo-Murcia","Cantidad Neta: 900 Mililitros"],"ingredients":[" Zumos de granada (30%) y manzana (30%), agua, extracto natural de punicalaginas de granada, extracto natural de  rooibos, vitamina C, edulcorante: sucralosa"],"conservation":" Conservar refrigerado.Una vez abierto, consumir en 5 días.","ean":"8410171005148"},{"full_name":"VIA NATURE Verde zumo de pera, manzana y mango con aloe vera envase 900 ml","name":"Verde zumo de pera, manzana y mango con aloe vera envase 900 ml","brand":"VIA NATURE ","img":"https://sgfm.elcorteingles.es/SGFM/00/96/1/0118827000961/0118827000961000g01011.jpg","price":"2,65 €","price_unit":"(2,94 € / Litro)","categories":["Supermercado","Bebidas","Agua, Refrescos y Zumos","Zumos y néctares","Zumos refrigerados","VIA NATURE Verde zumo de pera, manzana y mango con aloe vera envase 900 ml"],"general_information":["Denominación del alimento: Bebida de zumo de frutas y extractos naturales","País de origen: España","Nombre del operador: AMC JUICES S.L.","Dirección del operador: Ctra. Madrid-Cartagena , km 390. 30100 Espinardo-Murcia","Cantidad Neta: 900 Mililitros"],"ingredients":[" Zumos de manzana y piña (80%), puré de pera (10%), puré de mango Alphonso, pulpa de aloe vera, extracto de de cola de wcaballo, extracto de verduras, sal de zinc, vitaminas: B3, B5, B6, B12, C y Biotina"],"conservation":" Conservar refrigerado.Una vez abierto, consumir en 5 días.","ean":"8410171005155"},{"full_name":"VIA NATURE Naranja zumo de naranja sanguina y cítricos con goji envase 900 ml","name":"Naranja zumo de naranja sanguina y cítricos con goji envase 900 ml","brand":"VIA NATURE ","img":"https://sgfm.elcorteingles.es/SGFM/00/98/7/0118827000987/0118827000987000g01011.jpg","price":"2,75 €","price_unit":"(3,06 € / Litro)","categories":["Supermercado","Bebidas","Agua, Refrescos y Zumos","Zumos y néctares","Zumos refrigerados","VIA NATURE Naranja zumo de naranja sanguina y cítricos con goji envase 900 ml"],"general_information":["Denominación del alimento: Bebida de zumo de frutas","País de origen: España","Nombre del operador: AMC JUICES S.L.","Dirección del operador: Ctra. Madrid-Cartagena , km 390. 30100 Espinardo-Murcia","Cantidad Neta: 900 Mililitros"],"ingredients":[" Zumos de narnaja y naranaja sanguina (50%), zumo de mandarina (39%), fibra natural de naranja (8%), puré de goji (3%)"],"conservation":" Conservar refrigerado.Una vez abierto, consumir en 5 días.","ean":"8410171005186"},{"full_name":"VIA NATURE Rosa zumo de sandía y piña con stevia envase 900 ml","name":"Rosa zumo de sandía y piña con stevia envase 900 ml","brand":"VIA NATURE ","img":"https://sgfm.elcorteingles.es/SGFM/00/99/5/0118827000995/0118827000995000g01011.jpg","price":"2,65 €","price_unit":"(2,94 € / Litro)","categories":["Supermercado","Bebidas","Agua, Refrescos y Zumos","Zumos y néctares","Zumos refrigerados","VIA NATURE Rosa zumo de sandía y piña con stevia envase 900 ml"],"general_information":["Denominación del alimento: Bebida de zumo de frutas con edulcoranrte natural","País de origen: España","Nombre del operador: AMC JUICES S.L.","Dirección del operador: Ctra. Madrid-Cartagena , km 390. 30100 Espinardo-Murcia","Cantidad Neta: 900 Mililitros"],"ingredients":[" Zumos de piña (45%) y sandía (20%), agua, extracto natural de agua de rosas, adulcorante natural: glucósidos de esteviol (extracto de stevia rebaudiana), extracto natural de frutas y verdura, regulador de acidez: ácido cítrico, vitaminas: B3, B5, B6, B12, y C."],"conservation":" Conservar refrigerado.Una vez abierto, consumir en 5 días.","ean":"8410171005162"},{"full_name":"DFRUIT zumo puro de verduras botella 250 ml","name":"zumo puro de verduras botella 250 ml","brand":"DFRUIT ","img":"https://sgfm.elcorteingles.es/SGFM/dctm/MEDIA02/CONTENIDOS/201503/24/00202080300672____1__600x600.jpg","price":"1,99 €","price_unit":"(7,96 € / Litro)","categories":["Supermercado","Bebidas","Agua, Refrescos y Zumos","Zumos y néctares","Zumos refrigerados","DFRUIT zumo puro de verduras botella 250 ml"],"general_information":[],"ingredients":[],"ean":"8436550940091"},{"full_name":"DFRUIT zumo puro de frutos rojos botella 250 ml","name":"zumo puro de frutos rojos botella 250 ml","brand":"DFRUIT ","img":"https://sgfm.elcorteingles.es/SGFM/dctm/MEDIA02/CONTENIDOS/201503/24/00202080300680____1__600x600.jpg","price":"1,99 €","price_unit":"(7,96 € / Litro)","categories":["Supermercado","Bebidas","Agua, Refrescos y Zumos","Zumos y néctares","Zumos refrigerados","DFRUIT zumo puro de frutos rojos botella 250 ml"],"general_information":[],"ingredients":[],"ean":"8436550940107"},{"full_name":"DFRUIT zumo puro de naranja y maracuyá botella 250 ml","name":"zumo puro de naranja y maracuyá botella 250 ml","brand":"DFRUIT ","img":"https://sgfm.elcorteingles.es/SGFM/dctm/MEDIA02/CONTENIDOS/201503/24/00202080300698____1__600x600.jpg","price":"1,99 €","price_unit":"(7,96 € / Litro)","categories":["Supermercado","Bebidas","Agua, Refrescos y Zumos","Zumos y néctares","Zumos refrigerados","DFRUIT zumo puro de naranja y maracuyá botella 250 ml"],"general_information":[],"ingredients":[],"ean":"8436550940114"},{"full_name":"INNOCENT pure fruit smoothie zumo suave de fresa y plátano botella 250 ml","name":"pure fruit smoothie zumo suave de fresa y plátano botella 250 ml","brand":"INNOCENT ","img":"https://sgfm.elcorteingles.es/SGFM/00/48/8/0118827200488/0118827200488000g01011.jpg","price":"2,29 €","price_unit":"(9,16 € / Litro)","categories":["Supermercado","Bebidas","Agua, Refrescos y Zumos","Zumos y néctares","Zumos refrigerados","INNOCENT pure fruit smoothie zumo suave de fresa y plátano botella 250 ml"],"general_information":["Denominación del alimento: Smoothie de Fresa y platano","País de origen: Reino Unido","Nombre del operador: Primar Iberica. S.A.","Dirección del operador: c/ Angel Guimera 5-7 08930 Sant Adrià Besós","Cantidad Neta: 250 Mililitros"],"ingredients":[" 4 1/2 fresas trituradas, puré de medio plátano, media manzana prensada, 9 uvas rojas y blancas prensadas, 1/3 de naranja exprimido, un chorrito de jugo de limón"],"ean":"5038862325103"},{"full_name":"INNOCENT pure fruit smoothie zumo suave de mango y fruta de la pasión botella 250 ml","name":"pure fruit smoothie zumo suave de mango y fruta de la pasión botella 250 ml","brand":"INNOCENT ","img":"https://sgfm.elcorteingles.es/SGFM/00/49/6/0118827200496/0118827200496000g01011.jpg","price":"2,29 €","price_unit":"(9,16 € / Litro)","categories":["Supermercado","Bebidas","Agua, Refrescos y Zumos","Zumos y néctares","Zumos refrigerados","INNOCENT pure fruit smoothie zumo suave de mango y fruta de la pasión botella 250 ml"],"general_information":["Denominación del alimento: Smoothie de Mango y Fruta de la pasion","País de origen: Reino Unido","Nombre del operador: Primar Iberica. S.A.","Dirección del operador: c/ Angel Guimera 5-7 08930 Sant Adrià Besós","Cantidad Neta: 250 Mililitros"],"ingredients":[" 1 manzana prensada, 1/4 mango machacado 17%, 1 /3 plátano chafado, 1/3 de naranja exprimida, 1/5 de fruta de la pasión machacada 3%, 1 trocito de melocotón prensado y un chorrito de lima."],"ean":"5038862345101"},{"full_name":"SO NATURAL zumo natural de fresa, manzana y pera botella 750 ml","name":"zumo natural de fresa, manzana y pera botella 750 ml","brand":"SO NATURAL ","img":"https://sgfm.elcorteingles.es/SGFM/dctm/MEDIA03/201709/01/00118180300495____1__600x600.jpg","price":"3,99 €","price_unit":"(5,32 € / Litro)","categories":["Supermercado","Bebidas","Agua, Refrescos y Zumos","Zumos y néctares","Zumos refrigerados","SO NATURAL zumo natural de fresa, manzana y pera botella 750 ml"],"general_information":["Denominación del alimento: Zumo de Fruta Fresca Fresa","Nombre del operador: Comfresh Iberia SL","Dirección del operador: Mercamadrid, S/N. 28053  Madrid, Madrid.","Cantidad Neta: 750 Mililitros"],"ingredients":[" Manzana 46%, pera 20%, fresa y ácido ascórbico."],"conservation":" Conservar siempre refrigerado. Después de la apertura consumir en el plazo máximo de 48 horas. (máximo 8°C)","ean":"5603493000998"},{"full_name":"SO NATURAL zumo natural de manzana, mango y naranja botella 750 ml","name":"zumo natural de manzana, mango y naranja botella 750 ml","brand":"SO NATURAL ","img":"https://sgfm.elcorteingles.es/SGFM/dctm/MEDIA03/201709/01/00118180300487____1__600x600.jpg","price":"3,99 €","price_unit":"(5,32 € / Litro)","categories":["Supermercado","Bebidas","Agua, Refrescos y Zumos","Zumos y néctares","Zumos refrigerados","SO NATURAL zumo natural de manzana, mango y naranja botella 750 ml"],"general_information":["Denominación del alimento: Zumo Mango-Naranja-Manzana","Nombre del operador: Comfresh Iberia SL","Dirección del operador: Mercamadrid, S/N. 28053  Madrid, Madrid.","Cantidad Neta: 750 Mililitros"],"ingredients":[" Manzanas 65%, Mango 20%, Naranjas 15%."],"conservation":" Conservar siempre refrigerado. Después de la apertura consumir en el plazo máximo de 48 horas.","ean":"5603493001957"},{"full_name":"SO NATURAL zumo natural de remolacha botella 750 ml","name":"zumo natural de remolacha botella 750 ml","brand":"SO NATURAL ","img":"https://sgfm.elcorteingles.es/SGFM/dctm/MEDIA02/CONTENIDOS/201411/14/00118180300511____1__600x600.jpg","price":"3,99 €","price_unit":"(5,32 € / Litro)","categories":["Supermercado","Bebidas","Agua, Refrescos y Zumos","Zumos y néctares","Zumos refrigerados","SO NATURAL zumo natural de remolacha botella 750 ml"],"general_information":[],"ingredients":[],"ean":"5603493002886"},{"full_name":"SO NATURAL zumo natural de naranja botella 750 cl","name":"zumo natural de naranja botella 750 cl","brand":"SO NATURAL ","img":"https://sgfm.elcorteingles.es/SGFM/dctm/MEDIA02/CONTENIDOS/201505/21/00202080100122____1__600x600.jpg","price":"3,35 €","price_unit":"(0,45 € / Litro)","categories":["Supermercado","Bebidas","Agua, Refrescos y Zumos","Zumos y néctares","Zumos refrigerados","SO NATURAL zumo natural de naranja botella 750 cl"],"general_information":[],"ingredients":[],"ean":"5603493002534"},{"full_name":"SONATURAL zumo de manzana, mango y plátano sólo con fruta fresca botella 750 ml","name":"zumo de manzana, mango y plátano sólo con fruta fresca botella 750 ml","brand":"SONATURAL ","img":"https://sgfm.elcorteingles.es/SGFM/00/50/3/0118180300503/0118180300503000g01011.jpg","price":"3,99 €","price_unit":"(5,32 € / Litro)","categories":["Supermercado","Bebidas","Agua, Refrescos y Zumos","Zumos y néctares","Zumos refrigerados","SONATURAL zumo de manzana, mango y plátano sólo con fruta fresca botella 750 ml"],"general_information":["Denominación del alimento: Zumo de Fruta Fresca Mango, Manza y Plátano","Nombre del operador: Comfresh Iberia SL","Dirección del operador: Mercamadrid, S/N. 28053  Madrid, Madrid.","Cantidad Neta: 750 Mililitros"],"ingredients":[" Manzanas 60%, Mango 35%, Plátano 5%."],"conservation":" Conservar siempre refrigerado. Después de la apertura consumir en el plazo máximo de 48 horas.","ean":"5603493001018"},{"full_name":"SONATURAL zumo de frutos rojos sólo con fruta fresca botella 750 ml","name":"zumo de frutos rojos sólo con fruta fresca botella 750 ml","brand":"SONATURAL ","img":"https://sgfm.elcorteingles.es/SGFM/00/54/5/0118180300545/0118180300545000g01011.jpg","price":"3,99 €","price_unit":"(5,32 € / Litro)","categories":["Supermercado","Bebidas","Agua, Refrescos y Zumos","Zumos y néctares","Zumos refrigerados","SONATURAL zumo de frutos rojos sólo con fruta fresca botella 750 ml"],"general_information":[],"ingredients":[],"ean":"5603493001025"},{"full_name":"ROMANTICS Mimos smoothie de piña y coco botella 250 ml","name":"Mimos smoothie de piña y coco botella 250 ml","brand":"ROMANTICS ","img":"https://sgfm.elcorteingles.es/SGFM/00/58/7/0118827200587/0118827200587000g01011.jpg","price":"1,89 €","price_unit":"(7,56 € / Litro)","categories":["Supermercado","Bebidas","Agua, Refrescos y Zumos","Zumos y néctares","Zumos refrigerados","ROMANTICS Mimos smoothie de piña y coco botella 250 ml"],"general_information":["Denominación del alimento: Batido de piña y coco","Nombre del operador: Romantics Mimos de Fruta, S.L.","Dirección del operador: C/ Bigai 5, 3º-2ª -  08022 Barcelona","Cantidad Neta: 250 g","Otras menciones obligatorias en la etiqueta: Orígen: España, Polonia, Marruecos, Egipto, Sudáfrica, Uruguay, Argentina, Perú, Ecuador, Costa Rica, Indonesia?"],"ingredients":[" Zumo de naranja recién exprimido 10%, zumo de piña 33%, puré de piña 22%, puré de plátano 18%, leche de coco 9% y zumo de manzana 8%."],"conservation":" Conservar entre 0°C y 7°C.","ean":"8437006671415"},{"full_name":"ROMANTICS Mimos smoothie de mango y fruta de la pasión botella 250 ml","name":"Mimos smoothie de mango y fruta de la pasión botella 250 ml","brand":"ROMANTICS ","img":"https://sgfm.elcorteingles.es/SGFM/dctm/MEDIA03/201709/14/00118827200116____1__600x600.jpg","price":"1,89 €","price_unit":"(7,56 € / Litro)","categories":["Supermercado","Bebidas","Agua, Refrescos y Zumos","Zumos y néctares","Zumos refrigerados","ROMANTICS Mimos smoothie de mango y fruta de la pasión botella 250 ml"],"general_information":["Denominación del alimento: Batido de mango y fruta de la pasión pascalizado","Nombre del operador: Romantics Mimos de Fruta, S.L.","Dirección del operador: C/ Bigai 5, 3º-2ª -  08022 Barcelona","Cantidad Neta: 250 Mililitros","Otras menciones obligatorias en la etiqueta: Orígen: España, Marruecos, Egipto, Sudáfrica, Uruguay, Perú, Ecuador, Senegal, Brasil, Israel?"],"ingredients":[" Zumo de manzana 13%, puré de plátano 18%, puré de mango 36%, zumo de naranja 27% y zumo de fruta de la pasión 6%."],"conservation":" Conservar entre 0°C y 7°C.","ean":"8437006671217"},{"full_name":"ROMANTICS Mimos smoothie de plátano y piña botella 250 ml","name":"Mimos smoothie de plátano y piña botella 250 ml","brand":"ROMANTICS ","img":"https://sgfm.elcorteingles.es/SGFM/dctm/MEDIA03/201709/14/00118827200124____1__600x600.jpg","price":"1,89 €","price_unit":"(7,56 € / Litro)","categories":["Supermercado","Bebidas","Agua, Refrescos y Zumos","Zumos y néctares","Zumos refrigerados","ROMANTICS Mimos smoothie de plátano y piña botella 250 ml"],"general_information":["Denominación del alimento: Batido de naranja, piña y plátano pascalizado.","Nombre del operador: Romantics Mimos de Fruta, S.L.","Dirección del operador: C/ Bigai 5, 3º-2ª -  08022 Barcelona","Cantidad Neta: 500 Mililitros","Otras menciones obligatorias en la etiqueta: Orígen: España, Marruecos, Egipto, Sudáfrica, Uruguay, Argentina, Costa Rica, Brasil, Ecuador?"],"ingredients":[" Zumo de naranja recién exprimido 23%, zumo y puré de piña 60% y puré de plátano 17%."],"conservation":" Conservar entre 0°C y 7°C.","ean":"8437006671200"},{"full_name":"ROMANTICS Mimos smoothie de fresa y plátano botella 250 ml","name":"Mimos smoothie de fresa y plátano botella 250 ml","brand":"ROMANTICS ","img":"https://sgfm.elcorteingles.es/SGFM/dctm/MEDIA03/201709/14/00118827200108____1__600x600.jpg","price":"1,89 €","price_unit":"(7,56 € / Litro)","categories":["Supermercado","Bebidas","Agua, Refrescos y Zumos","Zumos y néctares","Zumos refrigerados","ROMANTICS Mimos smoothie de fresa y plátano botella 250 ml"],"general_information":["Denominación del alimento: Batido de fresa y plátano pascalizado.","Nombre del operador: Romantics Mimos de Fruta, S.L.","Dirección del operador: C/ Bigai 5, 3º-2ª -  08022 Barcelona","Cantidad Neta: 250 Mililitros","Otras menciones obligatorias en la etiqueta: Orígen: España, Marruecos, Egipto, Sudáfrica, Uruguay, Holanda, Bélgica, Alemania?"],"ingredients":[" Zumo de manzana 45%, puré de fresa 43% y puré de plátano 12%."],"conservation":" Conservar entre 0°C y 7°C.","ean":"8437006671224"},{"full_name":"ROMANTICS zumo de naranja y mango envase 250 ml","name":"zumo de naranja y mango envase 250 ml","brand":"ROMANTICS ","img":"https://sgfm.elcorteingles.es/SGFM/00/59/5/0118827200595/0118827200595000g01011.jpg","price":"1,89 €","price_unit":"(7,56 € / Litro)","categories":["Supermercado","Bebidas","Agua, Refrescos y Zumos","Zumos y néctares","Zumos refrigerados","ROMANTICS zumo de naranja y mango envase 250 ml"],"general_information":["Denominación del alimento: Zumo de naranja y mango pascalizado","Nombre del operador: Romantics Mimos de Fruta, S.L.","Dirección del operador: C/ Bigai 5, 3º-2ª -  08022 Barcelona","Cantidad Neta: 250 g","Otras menciones obligatorias en la etiqueta: Orígen: España, Polonia, Marruecos, Egipto, Sudáfrica, Uruguay, Brasil, Senegal, India?"],"ingredients":[" Zumo de naranja recién exprimido 80% y puré de mango 20%."],"conservation":" Conservar entre 0°C y 7°C.","ean":"8437006671422"},{"full_name":"ROMANTICS zumo de manzana y frutos del bosque envase 250 ml","name":"zumo de manzana y frutos del bosque envase 250 ml","brand":"ROMANTICS ","img":"https://sgfm.elcorteingles.es/SGFM/00/60/3/0118827200603/0118827200603000g01011.jpg","price":"1,89 €","price_unit":"(7,56 € / Litro)","categories":["Supermercado","Bebidas","Agua, Refrescos y Zumos","Zumos y néctares","Zumos refrigerados","ROMANTICS zumo de manzana y frutos del bosque envase 250 ml"],"general_information":["Denominación del alimento: Zumo de manzana y frutos del bosque pascalizado","Nombre del operador: Romantics Mimos de Fruta, S.L.","Dirección del operador: C/ Bigai 5, 3º-2ª -  08022 Barcelona","Cantidad Neta: 250 Mililitros","Otras menciones obligatorias en la etiqueta: Orígen: España, Polonia, Marruecos, Egipto, Sudáfrica, Uruguay, Brasil, Senegal, India?"],"ingredients":[" Zumo de manzana 70%, puré de mora 12%, puré de fresa 7%, puré de frambuesa 5%, puré de grosella roja 3% y puré de arándanos 3%."],"conservation":" Conservar entre 0°C y 7°C.","ean":"8437006671439"},{"full_name":"ROMANTICS zumo natural refrigerado de naranjas y fresa envase 500 ml","name":"zumo natural refrigerado de naranjas y fresa envase 500 ml","brand":"ROMANTICS ","img":"https://sgfm.elcorteingles.es/SGFM/dctm/MEDIA02/CONTENIDOS/201505/12/00201027200656____1__600x600.jpg","price":"2,86 €","price_unit":"(5,72 € / Litro)","categories":["Supermercado","Bebidas","Agua, Refrescos y Zumos","Zumos y néctares","Zumos refrigerados","ROMANTICS zumo natural refrigerado de naranjas y fresa envase 500 ml"],"general_information":["Denominación del alimento: Zumo de naranja y fresa pascalizado","Nombre del operador: Romantics Mimos de Fruta, S.L.","Dirección del operador: C/ Bigai 5, 3º-2ª -  08022 Barcelona","Cantidad Neta: 250 Mililitros","Otras menciones obligatorias en la etiqueta: Orígen: España, Polonia, Marruecos, Egipto, Sudáfrica, Uruguay?"],"ingredients":[" Zumo de naranja recién exprimido 80% y puré de fresa 20%."],"conservation":" Conservar entre 0°C y 7°C.","ean":"8437006671316"},{"full_name":"ROMANTICS zumo refrigerado natural de naranjas y mango envase 500 ml","name":"zumo refrigerado natural de naranjas y mango envase 500 ml","brand":"ROMANTICS ","img":"https://sgfm.elcorteingles.es/SGFM/dctm/MEDIA02/CONTENIDOS/201505/12/00201027200649____1__600x600.jpg","price":"2,86 €","price_unit":"(5,72 € / Litro)","categories":["Supermercado","Bebidas","Agua, Refrescos y Zumos","Zumos y néctares","Zumos refrigerados","ROMANTICS zumo refrigerado natural de naranjas y mango envase 500 ml"],"general_information":["Denominación del alimento: Zumo de naranja y mango pascalizado","Nombre del operador: Romantics Mimos de Fruta, S.L.","Dirección del operador: C/ Bigai 5, 3º-2ª -  08022 Barcelona","Cantidad Neta: 500 g","Otras menciones obligatorias en la etiqueta: Orígen: España, Polonia, Marruecos, Egipto, Sudáfrica, Uruguay, Brasil, Senegal, India?"],"ingredients":[" Zumo de naranja recién exprimido 80% y puré de mango 20%."],"conservation":" Conservar entre 0°C y 7°C.","ean":"8437006671392"},{"full_name":"ROMANTICS Detox flower power zumo refrigerado vegetal envase 250 ml","name":"Detox flower power zumo refrigerado vegetal envase 250 ml","brand":"ROMANTICS ","img":"https://sgfm.elcorteingles.es/SGFM/dctm/MEDIA03/201706/13/00118827001217____6__600x600.jpg","price":"2,29 €","price_unit":"(9,16 € / Litro)","categories":["Supermercado","Bebidas","Agua, Refrescos y Zumos","Zumos y néctares","Zumos refrigerados","ROMANTICS Detox flower power zumo refrigerado vegetal envase 250 ml"],"general_information":["Denominación del alimento: Zumo detox flower power pascalizado","Nombre del operador: Romantics Mimos de Fruta, S.L.","Dirección del operador: C/ Bigai 5, 3º-2ª -  08022 Barcelona","Cantidad Neta: 250 Mililitros","Otras menciones obligatorias en la etiqueta: Orígen: espinacas - Holanda, España y Italia; apio - España y Holanda; manzana - Holanda y Bélgica, jengibre - China, lima - Brasil."],"ingredients":[" Zumo de espinacas 10%, zumo de apio 10%, zumo de manzana 77.5%, zumo de jengibre 1.5% y zumo de lima 1%."],"conservation":" Conservar entre 0°C y 7°C.","ean":"8437006671477"},{"full_name":"ROMANTICS Detox Transilvania zumo refrigerado vegetal envase 250 ml","name":"Detox Transilvania zumo refrigerado vegetal envase 250 ml","brand":"ROMANTICS ","img":"https://sgfm.elcorteingles.es/SGFM/dctm/MEDIA03/201706/13/00118827001225____6__600x600.jpg","price":"2,29 €","price_unit":"(9,16 € / Litro)","categories":["Supermercado","Bebidas","Agua, Refrescos y Zumos","Zumos y néctares","Zumos refrigerados","ROMANTICS Detox Transilvania zumo refrigerado vegetal envase 250 ml"],"general_information":["Denominación del alimento: Zumo detox transilvania pascalizado","Nombre del operador: Romantics Mimos de Fruta, S.L.","Dirección del operador: C/ Bigai 5, 3º-2ª -  08022 Barcelona","Cantidad Neta: 250 Mililitros","Otras menciones obligatorias en la etiqueta: Orígen: remolacha - Holanda y España, zanahoria - Holanda, manzana - Holanda y Bélgica, granada - Turquía, jengibre - China, limón - italia, España y Argentina."],"ingredients":[" Zumo de manzana 73%, zumo de remolacha 10%, zumo de zanahoria 10%, zumo de granada 5%, zumo de jengibre 1% y zumo de limón 1%."],"conservation":" Conservar entre 0°C y 7°C.","ean":"8437006671484"},{"full_name":"ROMANTICS Detox zumo de zanahoria, naranja, manzana y jenjibre envase 250 ml","name":"Detox zumo de zanahoria, naranja, manzana y jenjibre envase 250 ml","brand":"ROMANTICS ","img":"https://sgfm.elcorteingles.es/SGFM/dctm/MEDIA03/201703/28/00118827001209____1__600x600.jpg","price":"2,63 €","price_unit":"(10,52 € / Litro)","categories":["Supermercado","Bebidas","Agua, Refrescos y Zumos","Zumos y néctares","Zumos refrigerados","ROMANTICS Detox zumo de zanahoria, naranja, manzana y jenjibre envase 250 ml"],"general_information":["Denominación del alimento: Zumo detox be strong pascalizado","Nombre del operador: Romantics Mimos de Fruta, S.L.","Dirección del operador: C/ Bigai 5, 3º-2ª -  08022 Barcelona","Cantidad Neta: 250 Mililitros","Otras menciones obligatorias en la etiqueta: Orígen: zanahoria - Holanda; naranja - España, Egipto, Marruecos, Italia, Grecia, Perú, Sudáfrica, Uruguay, Argentina, Brasil; manzana - Holanda y Bélgica, jengibre - China."],"ingredients":[" Zumo de zanahoria 40%, zumo de manzana 19%, zumo de jengibre 1% y zumo de naranja 40%."],"conservation":" Conservar entre 0°C y 7°C.","ean":"8437006671491"},{"full_name":"FRESHKITA pulpa de guanábana botella 45 cl","name":"pulpa de guanábana botella 45 cl","brand":"FRESHKITA ","img":"https://sgfm.elcorteingles.es/SGFM/00/10/3/0118161600103/0118161600103000g01011.jpg","price":"6,99 €","price_unit":"(15,53 € / Litro)","categories":["Supermercado","Bebidas","Agua, Refrescos y Zumos","Zumos y néctares","Zumos refrigerados","FRESHKITA pulpa de guanábana botella 45 cl"],"general_information":[],"ingredients":[],"ean":"7862104260253"},{"full_name":"LOS CURSOS zumo de mango premiun sin azúcares añadidos botella 330 ml","name":"zumo de mango premiun sin azúcares añadidos botella 330 ml","brand":"LOS CURSOS ","img":"https://sgfm.elcorteingles.es/SGFM/dctm/MEDIA03/201711/10/00118180301113____1__600x600.jpg","price":"1,95 €            ","price_unit":"(4,52 € / Litro)","categories":["Supermercado","Bebidas","Agua, Refrescos y Zumos","Zumos y néctares","Zumos refrigerados","LOS CURSOS zumo de mango premiun sin azúcares añadidos botella 330 ml"],"general_information":[],"ingredients":[],"ean":"8436032130217"},{"full_name":"INVO agua de coco pura botella 300 ml","name":"agua de coco pura botella 300 ml","brand":"INVO ","img":"https://sgfm.elcorteingles.es/SGFM/00/58/6/0118180300586/0118180300586000g01011.jpg","price":"2,99 €","price_unit":"(9,97 € / Litro)","categories":["Supermercado","Bebidas","Agua, Refrescos y Zumos","Zumos y néctares","Zumos refrigerados","INVO agua de coco pura botella 300 ml"],"general_information":[],"ingredients":[],"ean":"8437005681156"},{"full_name":"BE GREEN zumo ecológico beet brake remolacha, zanahoria, pera y manzana botella 300 ml","name":"zumo ecológico beet brake remolacha, zanahoria, pera y manzana botella 300 ml","brand":"BE GREEN ","img":"https://sgfm.elcorteingles.es/SGFM/dctm/MEDIA03/201709/25/00118180600100____1__600x600.jpg","price":"2,99 €","price_unit":"(9,97 € / Litro)","categories":["Supermercado","Bebidas","Agua, Refrescos y Zumos","Zumos y néctares","Zumos refrigerados","BE GREEN zumo ecológico beet brake remolacha, zanahoria, pera y manzana botella 300 ml"],"general_information":[],"ingredients":[],"ean":"8437016390047"},{"full_name":"BE GREEN zumo ecológico tropical piña, coco, banana y manzana botella 300 ml","name":"zumo ecológico tropical piña, coco, banana y manzana botella 300 ml","brand":"BE GREEN ","img":"https://sgfm.elcorteingles.es/SGFM/dctm/MEDIA03/201703/15/00118180600027____1__600x600.jpg","price":"2,99 €","price_unit":"(9,97 € / Litro)","categories":["Supermercado","Bebidas","Agua, Refrescos y Zumos","Zumos y néctares","Zumos refrigerados","BE GREEN zumo ecológico tropical piña, coco, banana y manzana botella 300 ml"],"general_information":[],"ingredients":[],"ean":"8437016390153"},{"full_name":"BE GREEN zumo ecológico Berries Boom fresa, frambuesa, arándano, banana y manzana botella 300 ml","name":"zumo ecológico Berries Boom fresa, frambuesa, arándano, banana y manzana botella 300 ml","brand":"BE GREEN ","img":"https://sgfm.elcorteingles.es/SGFM/dctm/MEDIA03/201703/15/00118180600035____1__600x600.jpg","price":"2,99 €","price_unit":"(9,97 € / Litro)","categories":["Supermercado","Bebidas","Agua, Refrescos y Zumos","Zumos y néctares","Zumos refrigerados","BE GREEN zumo ecológico Berries Boom fresa, frambuesa, arándano, banana y manzana botella 300 ml"],"general_information":[],"ingredients":[],"ean":"8437016390160"},{"full_name":"BE GREEN zumo ecológico Mango Passion con mango, maracuyá, banana y manzana botella 300 ml","name":"zumo ecológico Mango Passion con mango, maracuyá, banana y manzana botella 300 ml","brand":"BE GREEN ","img":"https://sgfm.elcorteingles.es/SGFM/dctm/MEDIA03/201703/15/00118180600019____1__600x600.jpg","price":"2,99 €","price_unit":"(9,97 € / Litro)","categories":["Supermercado","Bebidas","Agua, Refrescos y Zumos","Zumos y néctares","Zumos refrigerados","BE GREEN zumo ecológico Mango Passion con mango, maracuyá, banana y manzana botella 300 ml"],"general_information":["Denominación del alimento: Zumo Ecológico","Nombre del operador: Green Spirit S.L.","Dirección del operador: C/ Santa Lucía, 10 2º Dcha, 06001 Badajoz.","Cantidad Neta: 300 Mililitros","Otras menciones obligatorias en la etiqueta: Rico en vitamina A y vitamina C."],"ingredients":[" Zumo ecológico de manzana (71.5%), puré ecológico de mango (15%), puré ecológico de banana (10%), zumo ecológico de maracuyá (3.5%)."],"conservation":" Es un producto fresco y debe mantenerse refrigerado entre 0°C y 6°C antes y después de ser abierto. Una vez abierto consumir en 48 horas.","ean":"8437016390054"},{"full_name":"BE GREEN zumo ecológico Carrot Sunset con zanahoria, naranja, limón, jengibre y manzana botella 300 ml","name":"zumo ecológico Carrot Sunset con zanahoria, naranja, limón, jengibre y manzana botella 300 ml","brand":"BE GREEN ","img":"https://sgfm.elcorteingles.es/SGFM/dctm/MEDIA03/201703/15/00118180600068____1__600x600.jpg","price":"2,99 €","price_unit":"(9,97 € / Litro)","categories":["Supermercado","Bebidas","Agua, Refrescos y Zumos","Zumos y néctares","Zumos refrigerados","BE GREEN zumo ecológico Carrot Sunset con zanahoria, naranja, limón, jengibre y manzana botella 300 ml"],"general_information":[],"ingredients":[],"ean":"8437016390122"},{"full_name":"BE GREEN zumo ecológico Veggies Bang con espinaca, apio, pepino, kale, jengibre, limón y manzana botella 300 ml","name":"zumo ecológico Veggies Bang con espinaca, apio, pepino, kale, jengibre, limón y manzana botella 300 ml","brand":"BE GREEN ","img":"https://sgfm.elcorteingles.es/SGFM/dctm/MEDIA03/201703/15/00118180600043____1__600x600.jpg","price":"2,99 €","price_unit":"(9,97 € / Litro)","categories":["Supermercado","Bebidas","Agua, Refrescos y Zumos","Zumos y néctares","Zumos refrigerados","BE GREEN zumo ecológico Veggies Bang con espinaca, apio, pepino, kale, jengibre, limón y manzana botella 300 ml"],"general_information":[],"ingredients":[],"ean":"8437016390115"},{"full_name":"BE GREEN zumo ecológico Green Twister con espinaca, pepino, pera y manzana botella 300 ml","name":"zumo ecológico Green Twister con espinaca, pepino, pera y manzana botella 300 ml","brand":"BE GREEN ","img":"https://sgfm.elcorteingles.es/SGFM/dctm/MEDIA03/201703/16/00118180600050____1__600x600.jpg","price":"2,99 €","price_unit":"(9,97 € / Litro)","categories":["Supermercado","Bebidas","Agua, Refrescos y Zumos","Zumos y néctares","Zumos refrigerados","BE GREEN zumo ecológico Green Twister con espinaca, pepino, pera y manzana botella 300 ml"],"general_information":[],"ingredients":[],"ean":"8437016390108"},{"full_name":"BEST FRUITS zumo de chirimoya sin azúcares añadidos botella 300 ml","name":"zumo de chirimoya sin azúcares añadidos botella 300 ml","brand":"BEST FRUITS ","img":"https://sgfm.elcorteingles.es/SGFM/dctm/MEDIA03/201711/10/00118180301105____6__600x600.jpg","price":"1,95 €            ","price_unit":"(4,97 € / Litro)","categories":["Supermercado","Bebidas","Agua, Refrescos y Zumos","Zumos y néctares","Zumos refrigerados","BEST FRUITS zumo de chirimoya sin azúcares añadidos botella 300 ml"],"general_information":[],"ingredients":[],"ean":"8436032130163"},{"full_name":"THE GOODS smoothie vegetal de calabaza + zanahoria + mango + fruta de la pasión + jengibre botella 250 ml y toque de chile sin gluten","name":"smoothie vegetal de calabaza + zanahoria + mango + fruta de la pasión + jengibre botella 250 ml","brand":"THE GOODS ","img":"https://sgfm.elcorteingles.es/SGFM/dctm/MEDIA03/201710/19/00118827200769____1__600x600.jpg","price":"2,38 €","price_unit":"(9,52 € / Litro)","categories":["Supermercado","Bebidas","Agua, Refrescos y Zumos","Zumos y néctares","Zumos refrigerados","THE GOODS smoothie vegetal de calabaza + zanahoria + mango + fruta de la pasión + jengibre botella 250 ml y toque de chile sin gluten"],"general_information":["Denominación del alimento: Bebida de zumos de verduras y frutas","País de origen: España","Nombre del operador: Calidad Pascual, SAU.","Dirección del operador: Ctra. De Palencia, s/n - 09400 Aranda de Duero (Burgos)","Cantidad Neta: 250 Mililitros","Otras menciones obligatorias en la etiqueta: The Goods no contiene grasas saturadas. Un menor consumo de grasas saturadas contribuye a mantener niveles normales de colesterol sanguineo."],"ingredients":[" Puré de calabaza (45,0%), puré de mango (35,0%), puré de zanahoria (14,0%), zumo de fruta de la pasión (5,0%), jengibre (0,96%) y extracto de chile (0,04%)."],"conservation":" Mantener entre 2-7ºC. Una vez abierto, conservar el envase cerrado en nevera y consumir antes de 3 días.","ean":"8410128651190"},{"full_name":"THE GOODS smoothie vegetal de manzana + chirivía+ apio + pepino + té matcha botella 250 ml con un toque de espirulina y menta sin gluten","name":"smoothie vegetal de manzana + chirivía+ apio + pepino + té matcha botella 250 ml","brand":"THE GOODS ","img":"https://sgfm.elcorteingles.es/SGFM/dctm/MEDIA03/201710/19/00118827200785____1__600x600.jpg","price":"2,38 €","price_unit":"(9,52 € / Litro)","categories":["Supermercado","Bebidas","Agua, Refrescos y Zumos","Zumos y néctares","Zumos refrigerados","THE GOODS smoothie vegetal de manzana + chirivía+ apio + pepino + té matcha botella 250 ml con un toque de espirulina y menta sin gluten"],"general_information":["Denominación del alimento: Bebida de zumos de verduras y frutas con té matcha","País de origen: España","Nombre del operador: Calidad Pascual, SAU.","Dirección del operador: Ctra. De Palencia, s/n - 09400 Aranda de Duero (Burgos)","Cantidad Neta: 250 Mililitros","Otras menciones obligatorias en la etiqueta: The Goods no contiene grasas saturadas. Un menor consumo de grasas saturadas contribuye a mantener niveles normales de colesterol sanguineo."],"ingredients":[" zumo de manzana (46,7%), puré de chirivía (28,0%), puré de pepino (13,0%), puré de apio (12,0%), aromas naturales (0,01%), concentrado de espirulina (0,1%), té matcha (0,05%) y concentrado de cártamo (0,05%)."],"conservation":" Mantener entre 2-7ºC. Una vez abierto, conservar el envase cerrado en nevera y consumir antes de 3 días.","ean":"8410128651114"},{"full_name":"THE GOODS smoothie vegetal remolacha + mango + manzana + tomate + granada + goji botella 250 ml con un toque de limón y pimienta sin gluten","name":"smoothie vegetal remolacha + mango + manzana + tomate + granada + goji botella 250 ml","brand":"THE GOODS ","img":"https://sgfm.elcorteingles.es/SGFM/dctm/MEDIA03/201710/19/00118827200777____1__600x600.jpg","price":"2,38 €","price_unit":"(9,52 € / Litro)","categories":["Supermercado","Bebidas","Agua, Refrescos y Zumos","Zumos y néctares","Zumos refrigerados","THE GOODS smoothie vegetal remolacha + mango + manzana + tomate + granada + goji botella 250 ml con un toque de limón y pimienta sin gluten"],"general_information":["Denominación del alimento: Bebida de zumos de verduras y frutas","País de origen: España","Nombre del operador: Calidad Pascual, SAU.","Dirección del operador: Ctra. De Palencia, s/n - 09400 Aranda de Duero (Burgos)","Cantidad Neta: 250 Mililitros","Otras menciones obligatorias en la etiqueta: The Goods no contiene grasas saturadas. Un menor consumo de grasas saturadas contribuye a mantener niveles normales de colesterol sanguineo."],"ingredients":[" zumo de remolacha (43,7%), puré de mango (28,0%), puré de manzana (10,0%), zumo de tomate (9,8%), zumo de granada (4,5%), zumo de bayas de Goji (2,5%), zumo de limón (1,4%) y extracto de pimienta (0,1%)."],"conservation":" Mantener entre 2-7ºC. Una vez abierto, conservar el envase cerrado en nevera y consumir antes de 3 días.","ean":"8410128651084"},{"full_name":"NAKED smothie multivitaminas de arándanos, moras, plátano y manzana botella 450 ml","name":"smothie multivitaminas de arándanos, moras, plátano y manzana botella 450 ml","brand":"NAKED ","img":"https://sgfm.elcorteingles.es/SGFM/dctm/MEDIA03/201712/20/00118827200801____1__600x600.jpg","price":"3,60 €","price_unit":"(8 € / Litro)","categories":["Supermercado","Bebidas","Agua, Refrescos y Zumos","Zumos y néctares","Zumos refrigerados","NAKED smothie multivitaminas de arándanos, moras, plátano y manzana botella 450 ml"],"general_information":["Denominación del alimento: Bebida pasteurizada a base de zumos y purés de frutas, enriquecida con vitaminas.","Nombre del operador: PepsiCo Foods. A.I.E.","Dirección del operador: Avenida de los Olmos, 2, 01013 - Vitoria, España","Cantidad Neta: 450 Mililitros"],"ingredients":[" Zumo de manzana, puré de plátano, puré de arándanos (5%), puré de moras (5%), aroma natural, extractos de frutas y vegetales, vitaminas B5, B6, B12, C, E y niacina."],"conservation":" Producto perecedero. Conservar refrigerado. Este producto ha sido pasteurizado.","ean":"4250155407018"},{"full_name":"NAKED smothie de manzana, mango, piña, plátano, kiwi y extractos botánicos botella 450 ml","name":"smothie de manzana, mango, piña, plátano, kiwi y extractos botánicos botella 450 ml","brand":"NAKED ","img":"https://sgfm.elcorteingles.es/SGFM/dctm/MEDIA03/201712/20/00118827200793____1__600x600.jpg","price":"3,60 €","price_unit":"(8 € / Litro)","categories":["Supermercado","Bebidas","Agua, Refrescos y Zumos","Zumos y néctares","Zumos refrigerados","NAKED smothie de manzana, mango, piña, plátano, kiwi y extractos botánicos botella 450 ml"],"general_information":["Denominación del alimento: Bebida pasteurizada a base de zumos y purés de frutas con extractos botánicos.","Nombre del operador: PepsiCo Foods. A.I.E.","Dirección del operador: Avenida de los Olmos, 2, 01013 - Vitoria, España","Cantidad Neta: 450 Mililitros"],"ingredients":[" Zumo de manzana (64%), zumo de piña (10%), puré de plátano, puré de kiwi (8%), puré de mango, extractos botánicos (espirulina en polvo, clorela, brócoli, espinacas, cebada silvestre, brotes de trigo, perejil, raíz de jengibre, algas verdeazuladas, ajo sin olor), aromas naturales. Puede contener cebada, trigo."],"conservation":" Producto perecedero. Conservar refrigerado. Este producto ha sido pasteurizado.","ean":"4250155406998"},{"full_name":"NAKED smothie antioxidante de manzana, mango, naranja, piña y plátano botella 450 ml","name":"smothie antioxidante de manzana, mango, naranja, piña y plátano botella 450 ml","brand":"NAKED ","img":"https://sgfm.elcorteingles.es/SGFM/dctm/MEDIA03/201712/20/00118827200819____1__600x600.jpg","price":"3,60 €","price_unit":"(8 € / Litro)","categories":["Supermercado","Bebidas","Agua, Refrescos y Zumos","Zumos y néctares","Zumos refrigerados","NAKED smothie antioxidante de manzana, mango, naranja, piña y plátano botella 450 ml"],"general_information":["Denominación del alimento: Bebida pasteurizada a base de zumos y purés de frutas, enriquecida con vitaminas.","Nombre del operador: PepsiCo Foods. A.I.E.","Dirección del operador: Avenida de los Olmos, 2, 01013 - Vitoria, España","Cantidad Neta: 450 Mililitros"],"ingredients":[" Zumo de manzana, puré de mango (30%), zumo de naranja, puré de plátano, aromas naturales, vitaminas B5, B6, C y E, zinc."],"conservation":" Producto perecedero. Conservar refrigerado. Este producto ha sido pasteurizado.","ean":"8422174450535"},{"full_name":"PASCUAL BI FRUTAS Tropical zumo de fruta con leche y vitaminas envase 1 l","name":"Tropical zumo de fruta con leche y vitaminas envase 1 l","brand":"PASCUAL BI FRUTAS ","img":"https://sgfm.elcorteingles.es/SGFM/dctm/MEDIA03/201609/07/00118624401297____2__600x600.jpg","price":"1,67 €","price_unit":"(1,67 € / Litro)","categories":["Supermercado","Bebidas","Agua, Refrescos y Zumos","Zumos y néctares","Zumos con leche","PASCUAL BI FRUTAS Tropical zumo de fruta con leche y vitaminas envase 1 l"],"general_information":["Denominación del alimento: Bebida refrescante mixta de leche y zumo de frutas con azúcar y edulcorante con vitaminas A, C y E","País de origen: España","Nombre del operador: Calidad Pascual, SAU.","Dirección del operador: Ctra. De Palencia, s/n - 09400 Aranda de Duero (Burgos)","Cantidad Neta: 1 Litros"],"ingredients":[" Agua, leche desnatada (10%), zumo de frutas 7% (piña y mango a partir de concentrado), azúcar, estabilizante (pectina), aroma, acidulante (ácido cítrico), vitaminas A, C y E, edulcorante (sucralosa) y colorante (E-160 a i). Alérgenos en negrita."],"conservation":" Una vez abierto, conservar el envase cerrado en nevera y consumir antes de 3 días.","ean":"8410128270070"},{"full_name":"PASCUAL BI FRUTAS fresa y plátano zumo de fruta con leche y vitaminas pack 6 envases 200 ml","name":"fresa y plátano zumo de fruta con leche y vitaminas pack 6 envases 200 ml","brand":"PASCUAL BI FRUTAS ","img":"https://sgfm.elcorteingles.es/SGFM/dctm/MEDIA03/201702/01/00118624401396____16__600x600.jpg","price":"1,81 €","price_unit":"(9,05 € / Litro)","categories":["Supermercado","Bebidas","Agua, Refrescos y Zumos","Zumos y néctares","Zumos con leche","PASCUAL BI FRUTAS fresa y plátano zumo de fruta con leche y vitaminas pack 6 envases 200 ml"],"general_information":["Denominación del alimento: Bebida refrescante mixta de zumo de frutas y leche con azúcar y edulcorante con vitaminas A, C y E.","Nombre del operador: Calidad Pascual, SAU.","Dirección del operador: Ctra. De Palencia, s/n - 09400 Aranda de Duero (Burgos)","Cantidad Neta: 1200 Mililitros","Número de raciones por envase: 6","Otras menciones obligatorias en la etiqueta: + 36 meses"],"ingredients":[" Agua, Zumo de frutas 13% (fresa y plátano a partir de concentrado), Leche desnatada (10%),  Estabilizante (Pectina), Acidulante (ácido cítrico), Aromas naturales, Vitaminas C, E y A, y Colorante (E-120) y Edulcorante (Sucralosa). Alérgenos en Negrita"],"conservation":" Una vez abierto, conservar el envase en nevera y consumir en el mismo día de apertura.","ean":"8410128276690"},{"full_name":"PASCUAL BI FRUTAS Ibiza Zero Materia Grasa zumo de fruta con leche y vitaminas pack 3 envases 330 ml","name":"Ibiza Zero Materia Grasa zumo de fruta con leche y vitaminas pack 3 envases 330 ml","brand":"PASCUAL BI FRUTAS ","img":"https://sgfm.elcorteingles.es/SGFM/dctm/MEDIA03/201609/13/00118624401339____6__600x600.jpg","price":"1,71 €","price_unit":"(1,73 € / Litro)","categories":["Supermercado","Bebidas","Agua, Refrescos y Zumos","Zumos y néctares","Zumos con leche","PASCUAL BI FRUTAS Ibiza Zero Materia Grasa zumo de fruta con leche y vitaminas pack 3 envases 330 ml"],"general_information":["Denominación del alimento: Bebida refrescante mixta de leche y zumo de frutas con edulcorantes con vitaminas A, C y E","Nombre del operador: Calidad Pascual, SAU.","Dirección del operador: Ctra. De Palencia, s/n - 09400 Aranda de Duero (Burgos)","Cantidad Neta: 990 Mililitros","Número de raciones por envase: 3","Otras menciones obligatorias en la etiqueta: Contiene azúcares naturalmente presentes."],"ingredients":[" Agua, Zumo de frutas 15% (Melón y Sandia a partir de concentrado), Leche desnatada (10%), Estabilizante (Pectina), Acidulante (Ácido Cítrico), Aroma, Vitaminas C, E y A, Colorantes (E-160a i) y Edulcorante (Sucralosa). Alérgenos en negrita."],"conservation":" Una vez abierto conservar el envase en nevera y consumir en el mismo día de apertura.","ean":"8410128168476"},{"full_name":"PASCUAL BI FRUTAS Tropical zumo de fruta con leche y vitaminas pack 6 envases 200 ml","name":"Tropical zumo de fruta con leche y vitaminas pack 6 envases 200 ml","brand":"PASCUAL BI FRUTAS ","img":"https://sgfm.elcorteingles.es/SGFM/dctm/MEDIA03/201702/01/00118624401289____10__600x600.jpg","price":"1,81 €","price_unit":"(1,51 € / Litro)","categories":["Supermercado","Bebidas","Agua, Refrescos y Zumos","Zumos y néctares","Zumos con leche","PASCUAL BI FRUTAS Tropical zumo de fruta con leche y vitaminas pack 6 envases 200 ml"],"general_information":["Denominación del alimento: Bebida refrescante mixta de leche y zumo de frutas con azúcar y edulcorantes con vitaminas A, C y E","Nombre del operador: Calidad Pascual, SAU.","Dirección del operador: Ctra. De Palencia, s/n - 09400 Aranda de Duero (Burgos)","Cantidad Neta: 1200 Mililitros","Número de raciones por envase: 6","Otras menciones obligatorias en la etiqueta: + 36 meses"],"ingredients":[" Agua, leche desnatada (10%), zumo de frutas 7% (piña y mango a partir de concentrado), azúcar, estabilizante (pectina), aroma, acidulante (ácido cítrico), vitaminas A, C y E, edulcorante (sucralosa) y colorante (E-160 a i)."],"conservation":" Una vez abierto conservar el envase en nevera y consumir en el mismo día de apertura.","ean":"8410128276003"},{"full_name":"PASCUAL BI FRUTAS Tropical zumo de fruta con leche y vitaminas pack 3 envase 330 ml","name":"Tropical zumo de fruta con leche y vitaminas pack 3 envase 330 ml","brand":"PASCUAL BI FRUTAS ","img":"https://sgfm.elcorteingles.es/SGFM/dctm/MEDIA03/201609/07/00118624401263____1__600x600.jpg","price":"1,71 €","price_unit":"(5,18 € / Litro)","categories":["Supermercado","Bebidas","Agua, Refrescos y Zumos","Zumos y néctares","Zumos con leche","PASCUAL BI FRUTAS Tropical zumo de fruta con leche y vitaminas pack 3 envase 330 ml"],"general_information":["Denominación del alimento: Bebida refrescante mixta de leche y zumo de frutas con azúcar y edulcorante con vitaminas A, C y E","País de origen: España","Nombre del operador: Calidad Pascual, SAU.","Dirección del operador: Ctra. De Palencia, s/n - 09400 Aranda de Duero (Burgos)","Cantidad Neta: 990 Mililitros","Número de raciones por envase: 3"],"ingredients":[" Agua, leche desnatada (10%), zumo de frutas 7% (piña y mango a partir de concentrado), azúcar, estabilizante (pectina), aroma, acidulante (ácido cítrico), vitaminas A, C y E, edulcorante (sucralosa) y colorante (E-160 a i). Alérgenos en negrita."],"conservation":" Una vez abierto conservar el envase en nevera y consumir en el mismo día de apertura.","ean":"8410128270018"},{"full_name":"PASCUAL BI FRUTAS Pacífico Zero Materia Grasa zumo de fruta con leche y vitaminas Pack 3 envases 330 ml","name":"Pacífico Zero Materia Grasa zumo de fruta con leche y vitaminas Pack 3 envases 330 ml","brand":"PASCUAL BI FRUTAS ","img":"https://sgfm.elcorteingles.es/SGFM/dctm/MEDIA03/201609/13/00118624401461____6__600x600.jpg","price":"1,71 €","price_unit":"(1,73 € / Litro)","categories":["Supermercado","Bebidas","Agua, Refrescos y Zumos","Zumos y néctares","Zumos con leche","PASCUAL BI FRUTAS Pacífico Zero Materia Grasa zumo de fruta con leche y vitaminas Pack 3 envases 330 ml"],"general_information":["Denominación del alimento: Bebida refrescante mixta de leche y zumo de frutas con edulcorantes con vitaminas A, C y E","Nombre del operador: Calidad Pascual, SAU.","Dirección del operador: Ctra. De Palencia, s/n - 09400 Aranda de Duero (Burgos)","Cantidad Neta: 990 Mililitros","Número de raciones por envase: 3","Otras menciones obligatorias en la etiqueta: Contiene azúcares naturalmente presentes."],"ingredients":[" Agua, Zumo de frutas 15% (Manzana, Kiwi, Naranja, Lima y Uva a partir de concentrado), Leche desnatada (10%), Estabilizante (Pectina), Aroma, Acidulante (Ácido Cítrico), Vitaminas C, E y A, Edulcorante (Sucralosa) y Colorantes (E-141ii y E-100). Alérgenos en negrita."],"conservation":" Una vez abierto conservar el envase en nevera y consumir en el mismo día de apertura.","ean":"8410128168568"},{"full_name":"PASCUAL BI FRUTAS Zero Materia Grasa zumo de fruta con leche y vitaminas envase 1 l","name":"Zero Materia Grasa zumo de fruta con leche y vitaminas envase 1 l","brand":"PASCUAL BI FRUTAS ","img":"https://sgfm.elcorteingles.es/SGFM/dctm/MEDIA03/201608/24/00118624401693____1__600x600.jpg","price":"1,67 €","price_unit":"(1,67 € / Litro)","categories":["Supermercado","Bebidas","Agua, Refrescos y Zumos","Zumos y néctares","Zumos con leche","PASCUAL BI FRUTAS Zero Materia Grasa zumo de fruta con leche y vitaminas envase 1 l"],"general_information":["Denominación del alimento: Bebida refrescante mixta de leche y zumo de frutas con edulcorantes con vitaminas A, C y E","Nombre del operador: Calidad Pascual, SAU.","Dirección del operador: Ctra. De Palencia, s/n - 09400 Aranda de Duero (Burgos)","Cantidad Neta: 1 Litros","Otras menciones obligatorias en la etiqueta: Contiene azúcares naturalmente presentes."],"ingredients":[" Agua, leche desnatada (10%), zumo de frutas 7% (piña y mango a partir de concentrado), polidextrosa, estabilizante (pectina), acidulante (ácido cítrico), vitaminas C, E y A, aroma, edulcorante (sucralosa) y colorante (E-160 a i). Alérgenos en negrita."],"conservation":" Una vez abierto conservar el envase en nevera y consumir antes de 3 dias.","ean":"8410128168179"},{"full_name":"PASCUAL BI FRUTAS Zero Tropical zumo de fruta con leche y vitaminas pack 6 envases 200 ml","name":"Zero Tropical zumo de fruta con leche y vitaminas pack 6 envases 200 ml","brand":"PASCUAL BI FRUTAS ","img":"https://sgfm.elcorteingles.es/SGFM/dctm/MEDIA03/201702/01/00118624401685____2__600x600.jpg","price":"1,81 €","price_unit":"(1,51 € / Litro)","categories":["Supermercado","Bebidas","Agua, Refrescos y Zumos","Zumos y néctares","Zumos con leche","PASCUAL BI FRUTAS Zero Tropical zumo de fruta con leche y vitaminas pack 6 envases 200 ml"],"general_information":["Denominación del alimento: Bebida refrescante mixta de leche y zumo de frutas con edulcorantes con vitaminas A, C y E","Nombre del operador: Calidad Pascual, SAU.","Dirección del operador: Ctra. De Palencia, s/n - 09400 Aranda de Duero (Burgos)","Cantidad Neta: 1200 Mililitros","Número de raciones por envase: 6","Otras menciones obligatorias en la etiqueta: Contiene una fuente de fenilalanina. Contiene azúcares naturalmente presentes. + 36 meses"],"ingredients":[" Agua, leche desnatada (10%), zumo de frutas 7% (piña y mango a partir de concentrado), polidextrosa, estabilizante (pectina), acidulante (ácido cítrico), vitaminas C, E y A, aroma, edulcorante (sucralosa) y colorante (E-160 a i). Alérgenos en negrita."],"conservation":" Una vez abierto conservar el envase en nevera y consumir en el mismo día de apertura.","ean":"8410128278113"},{"full_name":"PASCUAL BI FRUTAS Mediterraneo Zero Materia Grasa zumo de fruta con leche y vitaminas sin azúcar pack 6 envases 200 ml","name":"Mediterraneo Zero Materia Grasa zumo de fruta con leche y vitaminas sin azúcar pack 6 envases 200 ml","brand":"PASCUAL BI FRUTAS ","img":"https://sgfm.elcorteingles.es/SGFM/dctm/MEDIA03/201702/01/00118624401222____6__600x600.jpg","price":"1,81 €","price_unit":"(9,05 € / Litro)","categories":["Supermercado","Bebidas","Agua, Refrescos y Zumos","Zumos y néctares","Zumos con leche","PASCUAL BI FRUTAS Mediterraneo Zero Materia Grasa zumo de fruta con leche y vitaminas sin azúcar pack 6 envases 200 ml"],"general_information":["Denominación del alimento: Bebida refrescante mixta de leche y zumo de frutas con edulcorantes con vitaminas A, C y E","Nombre del operador: Calidad Pascual, SAU.","Dirección del operador: Ctra. De Palencia, s/n - 09400 Aranda de Duero (Burgos)","Cantidad Neta: 1200 Mililitros","Número de raciones por envase: 6","Otras menciones obligatorias en la etiqueta: Contiene azúcares naturalmente presentes. + 36 meses"],"ingredients":[" Agua, Zumo de frutas 18% (Zumo de Naranja, Melocotón y Zanahoria partir de concentrado), Leche desnatada (10%), Estabilizante (Pectina), Aroma, Acidulante (Ácido Cítrico), Vitaminas C, E y A, Edulcorante (Sucralosa) y Colorante (E-160a i). Alérgenos en negrita."],"conservation":" Una vez abierto conservar el envase en nevera y consumir en el mismo día de apertura.","ean":"8410128168384"},{"full_name":"PASCUAL BI FRUTAS Tropical Zero Materia Grasa zumo de fruta con leche y vitaminas sin azúcar pack 3 envase 330 ml","name":"Tropical Zero Materia Grasa zumo de fruta con leche y vitaminas sin azúcar pack 3 envase 330 ml","brand":"PASCUAL BI FRUTAS ","img":"https://sgfm.elcorteingles.es/SGFM/dctm/MEDIA03/201609/07/00118624401313____1__600x600.jpg","price":"1,71 €","price_unit":"(1,73 € / Litro)","categories":["Supermercado","Bebidas","Agua, Refrescos y Zumos","Zumos y néctares","Zumos con leche","PASCUAL BI FRUTAS Tropical Zero Materia Grasa zumo de fruta con leche y vitaminas sin azúcar pack 3 envase 330 ml"],"general_information":["Denominación del alimento: Bebida refrescante mixta de leche y zumo de frutas con edulcorante y con vitaminas A, C y E.","País de origen: España","Nombre del operador: Calidad Pascual, SAU.","Dirección del operador: Ctra. De Palencia, s/n - 09400 Aranda de Duero (Burgos)","Cantidad Neta: 990 Mililitros","Número de raciones por envase: 3","Otras menciones obligatorias en la etiqueta: Contiene azúcares naturalmente presentes."],"ingredients":[" Agua, leche desnatada (10%), zumo de frutas 7% (piña y mango a partir de concentrado), polidextrosa, estabilizante (pectina), acidulante (ácido cítrico), vitaminas C, E y A, aroma, edulcorante (sucralosa) y colorante (E-160a i). Alérgenos en negrita."],"conservation":" Una vez abierto conservar el envase en nevera y consumir en el mismo día de apertura.","ean":"8410128271497"},{"full_name":"PASCUAL BI FRUTAS Mediterráneo Zero Materia Grasa zumo de frutas con leche y vitaminas pack 3 envases 330 ml","name":"Mediterráneo Zero Materia Grasa zumo de frutas con leche y vitaminas pack 3 envases 330 ml","brand":"PASCUAL BI FRUTAS ","img":"https://sgfm.elcorteingles.es/SGFM/dctm/MEDIA03/201609/13/00118624401271____9__600x600.jpg","price":"1,71 €","price_unit":"(1,73 € / Litro)","categories":["Supermercado","Bebidas","Agua, Refrescos y Zumos","Zumos y néctares","Zumos con leche","PASCUAL BI FRUTAS Mediterráneo Zero Materia Grasa zumo de frutas con leche y vitaminas pack 3 envases 330 ml"],"general_information":["Denominación del alimento: Bebida refrescante mixta de leche y zumo de frutas con edulcorantes con vitaminas A, C y E","Nombre del operador: Calidad Pascual, SAU.","Dirección del operador: Ctra. De Palencia, s/n - 09400 Aranda de Duero (Burgos)","Cantidad Neta: 990 Mililitros","Número de raciones por envase: 3","Otras menciones obligatorias en la etiqueta: Contiene azúcares naturalmente presentes."],"ingredients":[" Agua, Zumo de frutas 18% (Zumo de Naranja, Melocotón y Zanahoria partir de concentrado), Leche desnatada (10%), Estabilizante (Pectina), Aroma, Acidulante (Ácido Cítrico), Vitaminas C, E y A, Edulcorante (Sucralosa) y Colorante (E-160a i). Alérgenos en negrita."],"conservation":" Una vez abierto conservar el envase en nevera y consumir en el mismo día de apertura.","ean":"8410128168506"},{"full_name":"DON SIMON Tropical Zero Materia Grasa fruta + leche sin azúcares añadidos pack 3 envases 330 ml","name":"Tropical Zero Materia Grasa fruta + leche sin azúcares añadidos pack 3 envases 330 ml","brand":"DON SIMON ","img":"https://sgfm.elcorteingles.es/SGFM/dctm/MEDIA03/201612/08/00118624400133____1__600x600.jpg","price":"1,25 €","price_unit":"(1,26 € / Litro)","categories":["Supermercado","Bebidas","Agua, Refrescos y Zumos","Zumos y néctares","Zumos con leche","DON SIMON Tropical Zero Materia Grasa fruta + leche sin azúcares añadidos pack 3 envases 330 ml"],"general_information":["Denominación del alimento: Bebida refrescante mixta de zumo de frutas y leche. Con edulcorante.","País de origen: España","Nombre del operador: JGC S.A","Dirección del operador: C/Jorge Juan, 73 28009 Madrid España","Cantidad Neta: 990 Mililitros"],"ingredients":[" Agua, zumo de frutas parcialmente a partir de concentrado (35 %) (piña, uva, mango y manzana), leche desnatada (10%), estabilizante: E-466, acidulante: ácido cítrico, aroma, colorante: betacaroteno, vitaminas A, C y E, edulcorante: sucralosa"],"conservation":" Agitar antes de servir. Una vez abierto, conservar refrigerado y consumir antes de transcurridos 5 días.","ean":"8410261640082"},{"full_name":"DON SIMON Mediterráneo Zero Materia Grasa fruta + leche sin azúcares añadidos pack 3 envases 330 ml","name":"Mediterráneo Zero Materia Grasa fruta + leche sin azúcares añadidos pack 3 envases 330 ml","brand":"DON SIMON ","img":"https://sgfm.elcorteingles.es/SGFM/dctm/MEDIA03/201612/08/00118624400141____1__600x600.jpg","price":"1,25 €","price_unit":"(1,26 € / Litro)","categories":["Supermercado","Bebidas","Agua, Refrescos y Zumos","Zumos y néctares","Zumos con leche","DON SIMON Mediterráneo Zero Materia Grasa fruta + leche sin azúcares añadidos pack 3 envases 330 ml"],"general_information":["Denominación del alimento: Bebida refrescante mixta de zumo de frutas y leche. Con edulcorante.","País de origen: España","Nombre del operador: JGC S.A","Dirección del operador: C/Jorge Juan, 73 28009 Madrid España","Cantidad Neta: 990 Mililitros"],"ingredients":[" Agua, zumo de frutas parcialmente a partir de concentrado (35 %) (naranja, uva, melocotón y zanahoria), leche desnatada (10%), estabilizante: E-466, acidulante: ácido cítrico, aroma, colorante: betacaroteno, vitaminas A, C y E, edulcorante: sucralosa"],"conservation":" Agitar antes de servir. Una vez abierto, conservar refrigerado y consumir antes de transcurridos 5 días.","ean":"8410261640099"},{"full_name":"DON SIMON Mediterráneo Zero Materia Grasa fruta + leche sin azúcares añadidos pack 6 envases 200 ml","name":"Mediterráneo Zero Materia Grasa fruta + leche sin azúcares añadidos pack 6 envases 200 ml","brand":"DON SIMON ","img":"https://sgfm.elcorteingles.es/SGFM/dctm/MEDIA03/201612/08/00118624401024____1__600x600.jpg","price":"1,00 €","price_unit":"(0,83 € / Litro)","categories":["Supermercado","Bebidas","Agua, Refrescos y Zumos","Zumos y néctares","Zumos con leche","DON SIMON Mediterráneo Zero Materia Grasa fruta + leche sin azúcares añadidos pack 6 envases 200 ml"],"general_information":["Denominación del alimento: Bebida refrescante mixta de zumo de frutas y leche. Con edulcorante.","País de origen: España","Nombre del operador: JGC S.A","Dirección del operador: C/Jorge Juan, 73 28009 Madrid España","Cantidad Neta: 1200 Mililitros"],"ingredients":[" Agua, zumo de frutas parcialmente a partir de concentrado (35 %) (naranja, uva, melocotón y zanahoria), leche desnatada (10%), estabilizante: E-466, acidulante: ácido cítrico, aroma, colorante: betacaroteno, vitaminas A, C y E, edulcorante: sucralosa"],"conservation":" Agitar antes de servir. Una vez abierto, conservar refrigerado y consumir antes de transcurridos 5 días.","ean":"8410261640235"},{"full_name":"DON SIMON Caribe Zero Materia Grasa fruta + leche sin azúcares añadidos pack 6 envases 200 ml","name":"Caribe Zero Materia Grasa fruta + leche sin azúcares añadidos pack 6 envases 200 ml","brand":"DON SIMON ","img":"https://sgfm.elcorteingles.es/SGFM/dctm/MEDIA03/201705/04/00118624401016____1__600x600.jpg","price":"1,00 €","price_unit":"(5 € / Litro)","categories":["Supermercado","Bebidas","Agua, Refrescos y Zumos","Zumos y néctares","Zumos con leche","DON SIMON Caribe Zero Materia Grasa fruta + leche sin azúcares añadidos pack 6 envases 200 ml"],"general_information":["Denominación del alimento: Bebida refrescante mixta de zumo de frutas y leche. Con edulcorantes.","Nombre del operador: J.G.C.,S.A.","Dirección del operador: C/Jorge Juan 73 28009 Madrid (España)","Cantidad Neta: 1200 Mililitros","Otras menciones obligatorias en la etiqueta: Sin gluten."],"ingredients":[" Agua, zumo de frutas parcialmente a partir de concentrado (35%) (naranja, uva, manzana, piña y limón), leche desnatada (10%), estabilizante: E-466, acidulante: ácido cítrico, aroma, vitaminas A, C y E, edulcorante: sucralosa"],"conservation":" Una vez abierto conservar refrigerado y consumir antes de transcurridos 5 días","ean":"8410261640228"},{"full_name":"DON SIMON Tropical Zero Materia Grasa fruta + leche sin azúcares añadidos pack 6 envase 200 ml","name":"Tropical Zero Materia Grasa fruta + leche sin azúcares añadidos pack 6 envase 200 ml","brand":"DON SIMON ","img":"https://sgfm.elcorteingles.es/SGFM/dctm/MEDIA03/201612/08/00118624401057____2__600x600.jpg","price":"1,00 €","price_unit":"(5 € / Litro)","categories":["Supermercado","Bebidas","Agua, Refrescos y Zumos","Zumos y néctares","Zumos con leche","DON SIMON Tropical Zero Materia Grasa fruta + leche sin azúcares añadidos pack 6 envase 200 ml"],"general_information":["Denominación del alimento: Bebida refrescante mixta de zumo de frutas y leche. Con edulcorante.","País de origen: España","Nombre del operador: JGC S.A","Dirección del operador: C/Jorge Juan, 73 28009 Madrid España","Cantidad Neta: 1200 Mililitros"],"ingredients":[" Agua, zumo de frutas parcialmente a partir de concentrado (35 %) (piña, uva, mango y manzana), leche desnatada (10%), estabilizante: E-466, acidulante: ácido cítrico, aroma, colorante: betacaroteno, vitaminas A, C y E, edulcorante: sucralosa"],"conservation":" Agitar antes de servir. Una vez abierto, conservar refrigerado y consumir antes de transcurridos 5 días.","ean":"8410261640242"},{"full_name":"MINUTE MAID DUOFRUTAS Tropical bebida refrescante mixta de zumo de frutas y leche desnatada con vitamina E botella 1 l","name":"Tropical bebida refrescante mixta de zumo de frutas y leche desnatada con vitamina E botella 1 l","brand":"MINUTE MAID DUOFRUTAS ","img":"https://sgfm.elcorteingles.es/SGFM/00/87/7/0118624400877/0118624400877000g01011.jpg","price":"1,85 €","price_unit":"(1,85 € / Litro)","categories":["Supermercado","Bebidas","Agua, Refrescos y Zumos","Zumos y néctares","Zumos con leche","MINUTE MAID DUOFRUTAS Tropical bebida refrescante mixta de zumo de frutas y leche desnatada con vitamina E botella 1 l"],"general_information":["Denominación del alimento: Bebida refrescante mixta de zumo de frutas y leche desnatada. con vitamina e.","Nombre del operador: CC European Partners Iberia, S.L.U.","Dirección del operador: C/Ribera del Loira 20-22, 28042 - Madrid (España).","Cantidad Neta: 1 Litros","Otras menciones obligatorias en la etiqueta: 0% materia grasa. 10% de zumo de frutas y 10% de leche desnatada."],"ingredients":[" Agua, azúcar, $10% LECHE DESNATADA$, 10% zumo de frutas a partir de concentrado (8% naranja, 1% mango y 1% piña), estabilizante pectina, correctores de acidez: ácido cítrico y citrato sódico, aromas, antioxidante ácido ascórbico, colorante betacaroteno y vitamina E."],"conservation":" Conservar en el frigorífico una vez abierto, siendo aconsejable consumir entre los 3-4 días siguientes. Proteger de la luz solar. Preservar de olores agresivos. Conservar en lugar limpio, fresco y seco. AGITAR ANTES DE SERVIR","ean":"5449000156389"},{"full_name":"ZUMOSOL Caribe zumo de fruta con leche Sin Lactosa pack 3 envases 200 ml","name":"Caribe zumo de fruta con leche Sin Lactosa pack 3 envases 200 ml","brand":"ZUMOSOL ","img":"https://sgfm.elcorteingles.es/SGFM/dctm/MEDIA03/201710/26/00118624401719____6__600x600.jpg","price":"1,89 €","price_unit":"(3,15 € / Litro)","categories":["Supermercado","Bebidas","Agua, Refrescos y Zumos","Zumos y néctares","Zumos con leche","ZUMOSOL Caribe zumo de fruta con leche Sin Lactosa pack 3 envases 200 ml"],"general_information":[],"ingredients":[],"ean":"8435425107966"},{"full_name":"ZUMOSOL Tropical zumo de fruta con leche Sin Lactosa pack 3 envases 200 ml","name":"Tropical zumo de fruta con leche Sin Lactosa pack 3 envases 200 ml","brand":"ZUMOSOL ","img":"https://sgfm.elcorteingles.es/SGFM/dctm/MEDIA03/201710/26/00118624401727____6__600x600.jpg","price":"1,92 €            ","price_unit":"(3,15 € / Litro)","categories":["Supermercado","Bebidas","Agua, Refrescos y Zumos","Zumos y néctares","Zumos con leche","ZUMOSOL Tropical zumo de fruta con leche Sin Lactosa pack 3 envases 200 ml"],"general_information":[],"ingredients":[],"ean":"8435425108024"},{"full_name":"JUVER Mediterraneo zumo de fruta con leche 0% Materia Grasa Pack 6 envases 200 ml","name":"Mediterraneo zumo de fruta con leche 0% Materia Grasa Pack 6 envases 200 ml","brand":"JUVER ","img":"https://sgfm.elcorteingles.es/SGFM/dctm/MEDIA02/CONTENIDOS/201504/15/00200524401551____1__600x600.jpg","price":"0,15 €","price_unit":"(0,12 € / Litro)","categories":["Supermercado","Bebidas","Agua, Refrescos y Zumos","Zumos y néctares","Zumos con leche","JUVER Mediterraneo zumo de fruta con leche 0% Materia Grasa Pack 6 envases 200 ml"],"general_information":["Denominación del alimento: Bebida Refrescante mixta de zumo de frutas parcialmente a partir de concentrado y leche con azúcar y edulcorantes. Contenido en zumo: 5,8% mínimo.","País de origen: España","Nombre del operador: Juver Alimentación S.L.U.","Dirección del operador: C/Julio Cortazar, 46 - 30110 Murcia","Cantidad Neta: 1200 Mililitros"],"ingredients":[" Agua, zumo de frutas parcialmente a partir de concentrado (5,8%) (puré de melocotón (2,2%), zumo de naranja a partir de concentrado (2,1%) y zumo multifrutas a partir de concentrado (1,5%) (concentrado de algarroba, manzana y uva, en proporción variable), leche desnatada (4,5%), proteína de leche (4,5%) (Leche y derivados), azúcar, acidulante (ácido cítrico), estabilizante (pectina), aromas, colorante (ß caroteno) y edulcorantes (sucralosa y Acesulfame-K)."],"conservation":" Mantener en lugar fresco y seco. Una vez abierto se debe conservar en el frigorífico y consumir antes de 3 días.","ean":"8410707002016"},{"full_name":"PASCUAL VIVESOY zumo de naranja y soja envase 1 l","name":"VIVESOY zumo de naranja y soja envase 1 l","brand":"PASCUAL ","img":"https://sgfm.elcorteingles.es/SGFM/dctm/MEDIA03/201702/23/00118663300020____6__600x600.jpg","price":"1,23 €","price_unit":"(1,23 € / Litro)","categories":["Supermercado","Bebidas","Agua, Refrescos y Zumos","Zumos y néctares","Zumos con soja","PASCUAL VIVESOY zumo de naranja y soja envase 1 l"],"general_information":["Denominación del alimento: Bebida de zumo de naranja y soja","Nombre del operador: Calidad Pascual, SAU.","Dirección del operador: Ctra. De Palencia, s/n - 09400 Aranda de Duero (Burgos)","Cantidad Neta: 1 Litros","Otras menciones obligatorias en la etiqueta: Bebida 100% vegetal con soja seleccionada. Elaborada con soja certificada como no transgénica. Sólo semillas de máxima calidad y con la mejor selección de zumos de frutas."],"ingredients":[" Agua, zumo de naranja (11%) a partir de concentrado, azúcar, semillas de soja (2.7%), estabilizante: E-440, acidulante: E-330, aroma, antioxidante: E-300, colorante: E-160 a."],"conservation":" Una vez abierto conservar en frigorífico y consumir antes de 3 días.","ean":"8410128650018"},{"full_name":"PASCUAL VIVESOY zumo de melocotón y soja envase 1 l","name":"VIVESOY zumo de melocotón y soja envase 1 l","brand":"PASCUAL ","img":"https://sgfm.elcorteingles.es/SGFM/dctm/MEDIA03/201702/23/00118663300012____6__600x600.jpg","price":"1,23 €","price_unit":"(1,23 € / Litro)","categories":["Supermercado","Bebidas","Agua, Refrescos y Zumos","Zumos y néctares","Zumos con soja","PASCUAL VIVESOY zumo de melocotón y soja envase 1 l"],"general_information":["Denominación del alimento: Bebida de zumo de melocotón y soja","Nombre del operador: Calidad Pascual, SAU.","Dirección del operador: Ctra. De Palencia, s/n - 09400 Aranda de Duero (Burgos)","Cantidad Neta: 1 Litros","Otras menciones obligatorias en la etiqueta: Bebida 100% vegetal con soja seleccionada. Elaborada con soja certificada como no transgénica. Sólo semillas de máxima calidad y con la mejor selección de zumos de frutas."],"ingredients":[" Agua, zumo de melocotón (11%) a partir de concentrado, azúcar, semillas de soja (2.7%), estabilizante: E-440, acidulante: E-330, aroma, antioxidante: E-300, colorantes: E-160 a y E 100."],"conservation":" Una vez abierto conservar en frigorífico y consumir antes de 3 días.","ean":"8410128650216"},{"full_name":"PASCUAL VIVESOY zumo de piña y soja envase 1 l","name":"VIVESOY zumo de piña y soja envase 1 l","brand":"PASCUAL ","img":"https://sgfm.elcorteingles.es/SGFM/dctm/MEDIA03/201702/23/00118663300038____6__600x600.jpg","price":"1,23 €","price_unit":"(1,23 € / Litro)","categories":["Supermercado","Bebidas","Agua, Refrescos y Zumos","Zumos y néctares","Zumos con soja","PASCUAL VIVESOY zumo de piña y soja envase 1 l"],"general_information":["Denominación del alimento: Bebida de zumo de piña y soja","Nombre del operador: Calidad Pascual, SAU.","Dirección del operador: Ctra. De Palencia, s/n - 09400 Aranda de Duero (Burgos)","Cantidad Neta: 1 Litros","Otras menciones obligatorias en la etiqueta: Bebida 100% vegetal con soja seleccionada. Elaborada con soja certificada como no transgénica. Sólo semillas de máxima calidad y con la mejor selección de zumos de frutas."],"ingredients":[" Agua, zumo de piña (11%) a partir de concentrado, azúcar, semillas de soja (2.7%), estabilizante: E-440, acidulante: E-330, aroma, antioxidante: E-300."],"conservation":" Una vez abierto conservar en frigorífico y consumir antes de 3 días.","ean":"8410128650117"},{"full_name":"PASCUAL VIVESOY bebida de zumo de papaya mango y soja envase 1 l","name":"VIVESOY bebida de zumo de papaya mango y soja envase 1 l","brand":"PASCUAL ","img":"https://sgfm.elcorteingles.es/SGFM/dctm/MEDIA03/201702/23/00118663300079____6__600x600.jpg","price":"1,23 €","price_unit":"(1,23 € / Litro)","categories":["Supermercado","Bebidas","Agua, Refrescos y Zumos","Zumos y néctares","Zumos con soja","PASCUAL VIVESOY bebida de zumo de papaya mango y soja envase 1 l"],"general_information":["Denominación del alimento: Bebida de zumo de papaya, mango y soja","Nombre del operador: Calidad Pascual, SAU.","Dirección del operador: Ctra. De Palencia, s/n - 09400 Aranda de Duero (Burgos)","Cantidad Neta: 1 Litros","Otras menciones obligatorias en la etiqueta: Bebida 100% vegetal con la mejor selección de semillas de soja y zumo de frutas. Elaborada con soja certificada como no transgénica. Sólo semillas de soja de máxima calidad y con la mejor selección de zumos de frutas."],"ingredients":[" Agua, zumo de frutas 11% (7% de zumo de papaya y 4% de puré de mango, a partir de concentrado), azúcar, semillas de soja (2.7%), dextrosa, estabilizante: E-440, acidulante: E-330, aroma, antioxidante: E-300, colorante: E-160 a. Alérgenos en negrita."],"conservation":" Una vez abierto conservar en frigorífico y consumir antes de 3 días.","ean":"8410128651312"},{"full_name":"GREIP mosto de uva blanco botella 1 l","name":"mosto de uva blanco botella 1 l","brand":"GREIP ","img":"https://sgfm.elcorteingles.es/SGFM/00/02/0/0118650500020/0118650500020000g01011.jpg","price":"1,59 €","price_unit":"(1,59 € / Litro)","categories":["Supermercado","Bebidas","Agua, Refrescos y Zumos","Zumos y néctares","Mosto","GREIP mosto de uva blanco botella 1 l"],"general_information":["Denominación del alimento: Zumo de uva a partir de concentrado.","Nombre del operador: Compañía de Bebidas Pepsico, s.l.","Dirección del operador: Avda. de los Olmos, 2, 01013 - Vitoria","Cantidad Neta: 1 Litros"],"ingredients":[" Zumo de uva a partir de concentrado, acidulante: ácido cítrico."],"conservation":" Proteger de la luz solar y de olores agresivos. No congelar. Conservar en lugar limpio, fresco y seco. Evitar el contacto directo con el suelo.","ean":"8410409019657"},{"full_name":"GREIP mosto de uva tinto botella 1 l","name":"mosto de uva tinto botella 1 l","brand":"GREIP ","img":"https://sgfm.elcorteingles.es/SGFM/00/04/5/0200550500045/0200550500045000g01011.jpg","price":"1,59 €","price_unit":"(1,59 € / Litro)","categories":["Supermercado","Bebidas","Agua, Refrescos y Zumos","Zumos y néctares","Mosto","GREIP mosto de uva tinto botella 1 l"],"general_information":["Denominación del alimento: Zumo de uva a partir de concentrado.","Nombre del operador: Compañía de Bebidas Pepsico, s.l.","Dirección del operador: Avda. de los Olmos, 2, 01013 - Vitoria","Cantidad Neta: 1 Litros"],"ingredients":[" Zumo de uva a partir de concentrado, acidulante: ácido cítrico."],"conservation":" Proteger de la luz solar y de olores agresivos. No congelar. Conservar en lugar limpio, fresco y seco. Evitar el contacto directo con el suelo.","ean":"8410409019664"}]